3520 5498
271 408 310 468 46
862 395 993 450 Clemens.

272 561 352 643 τοῦς
382 566 723 648 κατηναγκασμένους
750 557 893 641 δούλους
916 579 990 640 ταῖς
1019 561 1191 640 ἐπαοιδαῖς
1212 553 1446 644 πεποιηκότες.
1483 551 1582 643 γάμοι

272 689 309 731 τε
340 651 401 732 οῦν
434 664 484 730 ἔτι
513 665 568 728 καὶ
599 666 811 730 παιδοποιίαι
842 667 897 730 καὶ
929 671 1055 747 λσχεῖαι
1087 664 1182 729 θεῶν
1209 653 1501 746 μνημονευόμεναι
1528 660 1583 724 καὶ

273 779 415 850 μοιχεῖαι
439 757 599 851 ᾀδόμενοι
615 765 670 828 καὶ
693 755 828 846 εῦωχίαι
851 757 1117 848 κωμῳδοῦμεναι
1132 764 1188 828 καὶ
1203 763 1350 880 γέλωτες
1364 753 1456 841 παρὰ
1471 750 1584 826 πότον

274 856 483 949 είσαγόμενοι
518 864 749 946 προτρέπουσι
785 856 826 946 δὴ
862 886 901 946 με
935 854 1148 945 ἀνακραγεῖν,
1184 854 1248 927 κᾶν
1279 860 1446 944 σιωπῆσαι
1479 861 1583 925 θέλω.

240 963 366 1049 σοίμοι
388 965 449 1047 τῆς
472 955 676 1046 ἀθεότητος·
707 955 834 1082 σκηνὴν
855 955 1065 1047 πεποιήκατε
1088 955 1151 1028 τόν
1174 952 1322 1043 οὐρανὸν
1343 960 1397 1024 καὶ
1421 951 1462 1024 τό
1484 963 1616 1024 θεῖονι

275 1055 353 1147 ῦμῖν
375 1064 484 1148 δρᾶμα
506 1063 681 1180 γεγένηται
708 1063 762 1126 καὶ
786 1055 827 1127 τὸ
851 1048 948 1144 άγιον
969 1062 1198 1146 προσωπείοις
1220 1059 1406 1142 δαιμονίων
1427 1080 1585 1142 κεκωμῳ-

276 1154 414 1246 δὴκατε,
440 1155 504 1244 τὴν
527 1153 641 1246 ἀληθῆ
663 1162 858 1242 θεοσέβειαν
881 1161 1117 1246 δεισιδαιμονίᾳ
1139 1161 1384 1243 σατυρίσαντες.

461 1281 463 1285 ’
487 1285 604 1376 Αότάρ
627 1282 645 1358 6
669 1295 842 1378 φορμίζων
866 1286 1070 1374 ἀνεβάλλετο
1092 1287 1200 1361 καλόν
1223 1284 1354 1368 άείδειν,
1601 1311 1661 1366 561

277 1413 361 1514 ᾆσον
383 1419 475 1512 ἡμῖν,
491 1415 625 1511 Ὅμηρε,
648 1422 712 1512 τὴν
735 1422 856 1511 φωνὴν
874 1423 942 1528 Ιτὴν
964 1421 1081 1511 καλὴν,

226 1581 260 1635 10
487 1551 568 1642 ἄμφ’
583 1551 708 1642 Ἀρεως
731 1553 920 1643 φιλότητος
936 1553 1145 1643 ἐυστεφάνου
1160 1551 1190 1625 τ’
1205 1551 1417 1645 Ἀφροδίτης·

489 1657 537 1736 σός
559 1655 603 1726 τὰ
625 1662 747 1742 πρῶτα
769 1661 911 1744 μίγησαν
933 1659 970 1725 ἐν
990 1651 1185 1742 Ἡφαίστοιο
1208 1653 1339 1744 δόμοισι

418 1801 420 1805 ,
488 1752 613 1842 λάθρη·
635 1747 749 1825 πολλά
764 1750 796 1825 δ’
814 1758 928 1831 ἔδωκε,
945 1762 1041 1843 λέχος
1056 1751 1085 1826 δ’
1105 1749 1228 1843 ᾔσχυνε
1242 1763 1297 1826 καὶ
1313 1751 1414 1842 εῦνὴν

488 1849 684 1940 Ἡφαίστοιο
708 1852 864 1936 άνακτος.

278 1984 513 2072 κατάπανσον,
537 1981 670 2075 Ὅμηρε,
702 1987 766 2075 τὴν
797 1984 903 2076 ᾥδὴν·
935 1983 996 2057 οῦκ
1026 1990 1097 2058 ἔστι
1122 1985 1223 2076 καλή,
1254 1995 1405 2077 μοιχείαν
1427 1983 1619 2058 διδάσκει·2

230 2103 261 2155 15
279 2085 457 2174 πορνεύειν
484 2092 519 2156 δὲ
542 2083 633 2176 ἡμεῖς
654 2096 709 2156 καὶ
733 2085 775 2157 τά
799 2077 874 2156 οότα
895 2083 1133 2176 παρητὴμεθα·
1160 2082 1251 2176 ἡμεῖς
1273 2084 1350 2175 γάρ,
1379 2083 1469 2175 ἡμεῖς
1492 2089 1588 2174 ἐσμὲν

280 2190 313 2255 οἱ
343 2183 407 2274 τὴν
437 2183 552 2256 εἰκόνα
582 2192 645 2255 τοῦ
676 2191 760 2257 θεοῦ
781 2192 1025 2274 περιφέροντες
1052 2189 1088 2256 ίν
1112 2193 1161 2275 τῷ
1185 2193 1290 2272 ζῶντι
1321 2193 1377 2256 καὶ
1398 2190 1587 2274 κινουμένῳ

280 2282 395 2373 τούτῳ
418 2281 600 2372 ἀγάλματι,
629 2293 679 2374 τῷ
702 2282 894 2374 άνθρώπφ,
923 2285 1082 2358 σύνοικον
1104 2281 1232 2371 είκόνα,
1263 2284 1466 2374 σύμβουλον,
1494 2282 1588 2356 συνό-

281 2395 394 2471 μιλον,
419 2390 610 2468 συνέστιον,
633 2393 810 2473 συμπαθῆ,
834 2383 1029 2474 ῦπερπαθὴ·
1052 2381 1213 2504 άνάθημα
1235 2381 1420 2474 γεγόναμεν
1441 2392 1493 2474 τῷ
1515 2391 1587 2473 θεῷ

281 2481 365 2573 ῦπερ
388 2489 549 2570 Χριστοῦ·
576 2479 685 2574 »ἡμεῖς
709 2483 749 2555 τό
772 2490 868 2574 γένος
891 2484 932 2556 τό
955 2482 1123 2568 ἐκλεκτόν,
1146 2484 1187 2555 τό
1209 2493 1380 2569 βασίλειον
1401 2455 1586 2574 ίεράτευμά,
1603 2505 1618 2556 3

231 2598 264 2652 20
282 2585 385 2666 ἔθνος
417 2577 528 2682 άγιον,
562 2583 643 2666 λαός
673 2583 878 2672 περιοῦσιος
911 2588 942 2654 οί
970 2611 1055 2654 ποτε
1082 2581 1122 2654 οῦ
1144 2580 1239 2668 λαός,
1271 2591 1334 2656 νῦν
1361 2591 1397 2658 δὲ
1424 2583 1505 2666 λαός
1528 2589 1589 2654 τοῦ

283 2689 397 2754 θεοῦ(
431 2687 464 2754 οί
493 2684 581 2754 κατὰ
612 2683 675 2754 τόν
696 2679 856 2773 Ἰωάννην
888 2681 949 2755 οῦκ
980 2677 1078 2767 ὄντες
1107 2688 1162 2754 »ἐκ
1184 2691 1259 2755 τῶν
1278 2681 1409 2768 κάτωι,
1440 2682 1532 2772 παρά
1554 2687 1588 2754 δὲ

283 2790 345 2853 τοῦ
382 2783 520 2854 ἄνωθεν
556 2782 724 2865 ελθόντος
761 2783 802 2854 τό
838 2790 908 2855 πᾶν
942 2780 1190 2873 μεμαθηκότες,
1228 2787 1259 2855 οί
1295 2783 1360 2872 τὴν
1391 2789 1589 2872 οἰκονομίαν

283 2889 346 2954 τσῦ
367 2889 452 2954 θεοῦ
473 2881 778 2970 κατανενοηκότες,
806 2885 837 2952 σί
862 2887 917 2953 »ἐν
939 2879 1115 2971 καινότητι
1143 2889 1230 2972 ζωῆς
1251 2903 1468 2970 περιπατεῖνι
1497 2910 1589 2972 μεμε-

285 2979 474 3071 λετηκότες.

1748 2321 1751 2346 ί

232 3097 265 3150 25
364 3079 450 3153 Ἀλλ’
473 3079 515 3152 οῦ
537 3089 644 3153 ταῦτα
668 3088 853 3170 φρονοῦσιν
875 3085 907 3154 οί
929 3091 1065 3155 πολλοί·
1089 3080 1342 3171 ἀπορρίψαντες
1363 3088 1399 3153 δὲ
1418 3081 1482 3172 τὴν
1501 3087 1585 3154 αἰδοῦ
1603 3101 1662 3164 6υ,1
1748 3147 1749 3150 ,

283 3189 338 3251 καὶ
361 3182 424 3253 τόν
448 3179 557 3268 φόβον
579 3187 666 3254 οίκοι
689 3183 769 3263 τούς
786 3189 858 3252 τῶν
874 3179 1047 3271 δαιμόνων
1066 3179 1294 3270 ἐγγράφονται
1309 3181 1589 3270 πασχητιασμοός.

284 3289 453 3362 πινακίοις
475 3287 558 3370 γοῦν
576 3288 581 3370 Ι
601 3289 666 3352 τισὶ
696 3279 928 3369 καταγράφοις
958 3277 1211 3370 μετεωρότερον
1238 3278 1467 3370 άνακειμένοις
1488 3303 1589 3369 προσ·
1606 3301 1667 3356 53Ρ

285 3378 462 3469 εσχηκότες
498 3375 648 3473 άσελγείᾳ
688 3383 768 3462 τούς
812 3379 988 3468 θαλάμους
1022 3379 1258 3469 κεκοσμὴκασι,
1304 3379 1368 3470 τὴν
1408 3374 1592 3452 άκσλασίαν

285 3476 452 3562 εὐσέβειαν
480 3488 687 3569 νομίζοντες·
718 3479 801 3552 κάπί
829 3487 892 3551 τοῦ
918 3486 1102 3568 σκίμποδος
1124 3489 1359 3569 κατακείμενοι
1380 3474 1464 3568 παρ’
1487 3475 1624 3602 αῦτὴιςῖ

234 3583 301 3648 30”
287 3609 335 3649 ετι
371 3577 433 3660 τὰς
474 3581 683 3665 περιπλοκάς
721 3577 900 3668 άφορωσιν
941 3586 986 3661 είς
1028 3609 1092 3669 την
1126 3576 1328 3668 Ἀφροδίτην
1364 3584 1494 3674 ἐκείνην
1530 3578 1594 3702 τὴν

286 3675 428 3767 γυμνήν,
461 3678 526 3767 τὴν
557 3682 612 3749 ἐπὶ
644 3688 685 3768 τῇ
716 3687 891 3767 συμπλοκῇ
915 3610 1107 3768 δεδεμένην
1130 3686 1184 3749 καὶ
1213 3686 1255 3766 τῇ
1278 3677 1374 3769 Λήδᾳ
1399 3678 1592 3765 περιποτιά-

286 3805 390 3865 μενον
421 3775 484 3848 τόν
516 3770 614 3864 όρνιν
645 3778 708 3848 τόν
739 3775 919 3866 ἐρωτικόν,
954 3785 1013 3867 τῆς
1046 3777 1241 3868 θηλύτητος
1264 3773 1508 3868 ἀποδεχόμενοι
1530 3777 1594 3867 τὴν

288 3875 436 3966 γραφήν,
459 3873 675 3950 άποτυποῦσι
697 3897 770 3961 ταῖς
792 3875 1006 3965 σφενδόναις,
1030 3883 1186 3966 σφραγῖδι
1204 3878 1372 3966 χρεόμενοι
1390 3874 1593 3967 καταλλὴλφ

373 4080 417 4135 ῦί
432 4079 487 4148 vgl.
506 4079 587 4132 Firm.
599 4080 664 4134 Μαί.
684 4081 717 4134 de
736 4083 867 4147 err.1‘2,7
886 4111 919 4119 -
937 4081 966 4138 8.
988 4083 1100 4136 10-18
1119 4085 1140 4134 θ
1158 4082 1293 4136 266-270
1311 4111 1343 4118 —
1364 4083 1474 4136 19-21
1496 4081 1594 4136 IPetr.

288 4167 312 4227 2,
331 4163 367 4218 9f
381 4193 413 4202 —
433 4165 469 4219 ‘21
491 4163 551 4218 Joh.
570 4166 594 4231 8,
613 4166 659 4226 23;
677 4165 732 4234 vgl.
751 4167 811 4219 Joh.
832 4167 855 4233 3,
874 4170 904 4220 31
913 4187 919 4228 ;
938 4169 962 4230 4,
981 4167 1013 4220 ‘25
1031 4195 1064 4202 —
1084 4166 1122 4220 28
1140 4165 1217 4219 R61n.
1237 4169 1260 4231 δ,
1279 4169 1296 4220 4

374 4330 389 4384 1
409 4335 472 4394 ταῖς
490 4327 637 4397 ἐπαοιδαῖς
655 4333 772 4399 δούλους
791 4334 836 4386 Ma
852 4337 856 4402 Ι
874 4333 892 4387 4
911 4331 1103 4403 εἰσαγόμενοι]
1124 4335 1153 4388 0²
1171 4349 1219 4386 aus
1238 4353 1256 4388 α
1274 4349 1344 4386 corr.
1357 4332 1393 4384 1³²
1408 4333 1412 4400 ί
1427 4333 1459 4400 δή
1478 4332 1597 4390 Ηὸεαίιυί

289 4411 318 4468 δέ
337 4412 378 4481 ΡΙ
395 4413 430 4468 17
453 4412 570 4484 [εἰκόνα]
591 4417 669 4471 Schw
685 4419 688 4483 Ι
705 4415 876 4489 σύμβουλον]
898 4421 952 4489 βου
970 4417 998 4469 in
1017 4419 1080 4471 Bas.
1099 4418 1132 4470 P¹
1153 4417 1158 4484 Ι
1183 4418 1220 4472 19
1239 4413 1321 4487 ὑπὲρ]
1340 4413 1395 4470 ὑπὸ
1414 4416 1480 4484 Mal
1497 4419 1536 4473 22
1555 4415 1596 4474 ἕλ·

289 4495 403 4565 θδντος]
422 4513 455 4562 ος
471 4499 501 4552 in
514 4498 576 4552 Rae.
586 4500 621 4552 Ρ1
637 4501 641 4568 1
655 4501 866 4570 μεμαθηκότες]
884 4520 913 4565 ες
924 4501 953 4555 in
966 4501 1026 4556 Ras.
1040 4503 1074 4554 Ρ1
1091 4503 1095 4570 Ι
1111 4503 1148 4556 27
1170 4497 1358 4571 ἀνακείμενος
1371 4500 1409 4553 P*
1424 4503 1428 4570 Ι
1445 4501 1506 4557 δΙί
1520 4520 1598 4574 περι-

292 4576 467 4650 πσιτώμενον
487 4583 524 4635 Ρ*
544 4581 762 4653 έπιιιοτὼμενον
783 4587 962 4654 Valckenaer,
982 4586 1065 4641 Diatr.
1083 4587 1113 4640 in
1131 4586 1194 4640 Eur.
1214 4586 1273 4640 rell.
1292 4603 1318 4654 p.
1337 4587 1391 4640 642
