3520 5480
620 464 748 520 Scholien
767 482 828 518 zum
847 464 1035 533 Paedagogus.
1418 473 1477 534 339

253 625 567 713 271,1κλαδαρὸν]
604 634 833 716 κεκλασμένον
867 633 922 697 καί
959 629 1103 699 ἔκλυτον
1137 634 1193 698 καὶ
1224 626 1265 698 τό
1297 629 1478 717 ἐπαγωγόν

168 725 403 818 σοφιζόμενον.
426 769 466 777 -
486 726 657 815 κλαδαρδν
678 722 756 798 άντὶ
779 731 841 796 τοῦ
862 724 1105 797 διακάπτονσαι
1127 732 1234 816 δῆθεν
1255 734 1320 798 τοῦ
1341 728 1384 817 μὴ
1407 737 1478 814 βλέ-

168 857 245 899 πειν
274 827 544 914 δποπτευθῆναι,
574 830 780 896 κλέπτουσαι
810 831 846 896 δὲ
876 825 917 898 τό
951 819 1035 913 δρᾶν
1058 833 1100 914 τῇ
1122 825 1347 918 προσποιήτῳ
1371 828 1478 914 ταύτῃ

169 929 297 1018 γνώμη.
320 933 423 997 P²FM

133 1046 150 1097 5
253 1039 322 1112 276,
347 1038 384 1098 19
407 1025 463 1096 οία
484 1025 546 1112 γάρ
569 1031 738 1110 δέσποινα]
764 1029 882 1114 σίαιιερ
898 1022 918 1114 ἦ
934 1031 1103 1099 δέσποινα.
1127 1033 1203 1097 τοία
1223 1021 1264 1114 χὴ
1279 1025 1379 1097 κύων.
1402 1033 1478 1097 P'2M

253 1137 324 1210 277,
352 1139 387 1199 17
411 1125 502 1210 άλυς]
526 1121 663 1206 πλάνος.
686 1129 789 1212 (P²)M

252 1237 323 1310 278,
347 1237 365 1293 8
389 1230 582 1309 δεισαλέαις]
605 1230 696 1296 δεῑσα
717 1231 771 1292 καί
795 1224 860 1313 τὴν
874 1220 1036 1313 ὑγρασίαν
1053 1231 1108 1294 καὶ
1124 1223 1188 1314 τὴν
1203 1225 1344 1314 ὁοποόδη
1360 1225 1479 1297 σύστα-

169 1353 223 1398 σιν
245 1323 350 1415 δγράν
373 1332 531 1414 σημαίνει.
554 1327 659 1393 P²FM

252 1437 321 1510 280,
343 1435 382 1496 27
407 1421 556 1508 άλόουσι]
578 1431 787 1494 πλανῶνται.
809 1428 912 1492 P²FM

117 1543 151 1595 111
252 1535 322 1609 283,
345 1535 384 1597 32
406 1521 485 1612 ἡμῖν
508 1515 593 1611 άδην
616 1528 802 1611 διείλεκται]
834 1528 963 1612 εἴρηταί
993 1545 1096 1612 φησιν
1119 1521 1199 1613 ἡμῖν
1220 1520 1406 1612 αὐτάρκως.
1428 1531 1479 1594 Μ’)

252 1635 322 1710 284,
345 1635 363 1696 8
387 1631 582 1713 σημείοισαι·
605 1627 713 1693 ταῦτα
735 1622 798 1710 γάρ
823 1626 856 1693 αί
878 1619 1004 1694 ἐνόδιοι
1025 1628 1261 1712 παιδαγωγίαι.
1282 1629 1334 1692 M²

252 1735 321 1808 284,
346 1735 383 1795 18
406 1720 536 1808 ἑπτάδι]
559 1719 752 1810 πνεύματος
774 1719 903 1793 ἓπτάδα
926 1722 968 1793 τά
989 1719 1178 1811 χαρίσματά
1201 1747 1311 1811 φησιν.
1335 1729 1381 1791 M²

252 1834 321 1908 285,
347 1836 361 1894 1
386 1818 497 1912 ἁπλῷ]
530 1829 711 1910 σημείωσαι
742 1817 789 1904 οἷς
811 1817 946 1892 άπλοῦν
966 1829 1022 1892 καί
1043 1829 1224 1912 μονογενὲς
1247 1843 1415 1911 στοιχεῖον
1436 1823 1478 1894 τό

168 1933 183 1994 ῖ
204 1930 301 2012 λέγει,
324 1917 408 2008 ὅπερ
429 1927 488 2012 μιᾷ
510 1928 641 2010 γραμμῄ
657 1917 771 2010 εδθείςτ
794 1920 1010 2010 γραφόμενον
1033 1922 1096 1992 τόν
1112 1929 1244 1994 τέλειον
1259 1919 1408 2012 α’ριθμδν
1422 1932 1478 1994 καὶ

117 2040 150 2092 15
169 2021 285 2095 πάντα
308 2019 427 2104 άπλῶς
450 2027 550 2109 δηλοῖ
570 2049 606 2090 τε
628 2026 684 2090 καὶ
704 2027 858 2108 περιέχει.
880 2026 930 2090 M²

253 2134 322 2207 285,
347 2135 383 2194 19
407 2120 615 2206 δικαιώσατε]
639 2115 711 2207 οδχλ
735 2125 886 2191 δικαιοῦν
915 2117 1042 2204 άπλῶς,
1070 2118 1157 2193 άλλά
1187 2131 1316 2209 κρίνειν
1339 2128 1478 2203 δικαίοις

171 2229 282 2312 φησίν.
305 2227 355 2291 Μ2

253 2332 323 2404 287,
345 2331 363 2392 3
388 2320 467 2402 τούς
497 2324 780 2408 πλημμελοῦντας
811 2327 885 2390 τῶν
907 2325 1064 2406 οἰκετῶν]
1098 2321 1177 2404 τοδς
1208 2327 1342 2404 οἰκέτας
1363 2319 1479 2410 άνηκέ-

169 2445 263 2504 στοις
284 2427 344 2510 μὲν
365 2415 578 2504 περιβάλλειν
600 2426 721 2500 αἰκίαις
744 2416 785 2490 οδ
806 2419 977 2503 βούλεται,
998 2427 1144 2511 μετρίως
1167 2427 1202 2492 δὲ
1224 2430 1395 2510 μαστίζειν
1417 2418 1478 2494 οδκ

116 2540 151 2592 ‘20
169 2518 402 2594 ἀπαναίνεται.
424 2524 554 2606 (1³²)FM

254 2631 322 2704 288,
345 2625 410 2691 391
429 2616 469 2688 τό
492 2623 633 2710 πνεῦμα]
655 2615 734 2708 ἢτοι
765 2618 829 2707 τὴν
851 2618 937 2706 πρὸς
964 2620 1008 2690 τά
1030 2627 1195 2692 σπουδαία
1215 2617 1413 2708 θερμότητα
1433 2619 1478 2708 μὴ

168 2719 225 2791 διά
247 2723 414 2810 ῥᾳθυμίας
436 2714 662 2789 άποσπεάδειν
684 2715 706 2807 ἢ
729 2718 793 2807 τὴν
815 2715 883 2788 άπὸ
905 2725 970 2789 τοῦ
990 2725 1075 2791 θεοῦ
1101 2724 1262 2791 δοθεῖσαν
1284 2716 1362 2809 ἡμῖν
1381 2718 1479 2806 χάριν

171 2826 233 2890 τοῦ
255 2813 352 2908 άγίον
373 2815 566 2906 πνεύματος
588 2817 632 2906 μὴ
655 2817 709 2888 διά
730 2826 919 2906 μοχθηρίας
941 2826 1015 2901 βίου
1037 2818 1173 2890 διώκειν
1188 2817 1265 2907 ἤτοι
1281 2825 1477 2906 συμπνίγειν

168 2925 224 2989 καί
246 2916 537 3002 ἐναποσβεννόειν,
570 2935 642 2998 ταῖς
672 2937 804 3005 μιαραῑς
828 2913 1042 3000 ἀντιπνοίαις
1064 2925 1137 2989 τῶν
1159 2923 1268 3006 έργιον
1291 2915 1388 3006 ἡμῶν
1413 2917 1477 3006 τὴν

117 3037 150 3091 25
171 3017 387 3106 φωτιστικὴν
410 3013 515 3088 αὐτοῦ
538 3011 651 3104 φλόγα
671 3022 955 3098 κατασοβοῦντας.
979 3021 1055 3085 P²M

254 3128 324 3200 289,
347 3128 387 3188 28
409 3115 572 3204 βούλημα]
596 3117 687 3204 οἶμαι
710 3121 857 3204 γέννημα
879 3111 1024 3203 ἥρμοζεν
1046 3122 1159 3187 εἰπεῖν.
1183 3121 1233 3184 II³

253 3229 311 3288 291
338 3221 374 3286 V.
398 3229 412 3287 1
437 3211 601 3303 Στόμιον]
625 3213 689 3286 τὸν
709 3213 852 3303 χαλινόν
874 3237 963 3302 φησι.
987 3219 1020 3284 Μ

254 3326 314 3388 292
339 3321 373 3384 I'.
397 3325 436 3388 38
459 3311 592 3402 ῥεκτὴρ]
614 3313 700 3402 ῥέζον
725 3313 765 3384 τό
788 3311 942 3403 πράττω.
965 3321 1014 3383 Μ4

381 3603 446 3667 Σοὶ
469 3592 568 3666 τόνδε
592 3593 697 3686 κάγοό,
720 3605 922 3688 παιδαγωγέ,
944 3604 1128 3685 προσφέρω

382 3695 511 3785 λόγοισι
532 3703 656 3782 πλέξας
678 3704 851 3784 στέφανον
873 3704 907 3784 ἐξ
929 3695 1102 3786 ἀκηράτου

382 3803 556 3885 λειμῶνος,
580 3793 658 3885 ἡμίν
680 3790 720 3870 οὗ
741 3805 910 3886 παρέσχου
931 3796 993 3878 τὰς
1017 3792 1131 3886 νομάς,

383 3891 431 3976 οδς
453 3894 584 3983 ἐργάτις
605 3902 748 3982 μέλιττα
768 3906 907 3986 χωρίων
929 3896 997 3968 άπο

256 4066 274 4121 ὅ
293 4065 348 4134 vgl.
367 4065 457 4120 Schol.
477 4067 548 4120 plat..
566 4066 632 4136 Rep.
652 4067 718 4122 VIII
738 4087 762 4138 p.
781 4071 874 4132 563&
892 4067 1006 4136 Diogen.
1025 4067 1109 4122 [1151

257 4185 289 4238 V.
309 4185 382 4239 1-9
407 4184 461 4252 vgl.
484 4184 576 4254 Eurip.
595 4183 704 4254 Hippol.
723 4188 823 4240 73-77
843 4187 891 4241 σοί
911 4186 993 4242 τόνδε
1014 4183 1136 4239 πλεκτὸν
1162 4182 1304 4252 στέφανον
1325 4179 1356 4248 ἐξ
1375 4181 1481 4254 ἀνιηρά·
1531 4163 1534 4168 ⁵

170 4287 221 4324 τοι·
236 4271 240 4334 Ι
256 4273 402 4337 λειμῶνος,
421 4261 445 4323 ὦ
463 4270 606 4334 δέσποινα,
624 4272 771 4338 κοσμήσας
784 4270 869 4339 φέρω,
886 4274 890 4338 l
906 4263 966 4326 ἔνθ’
979 4265 1043 4325 οίτε
1055 4270 1161 4336 ποιμὴν
1173 4263 1252 4332 ἀξιοῖ
1261 4264 1376 4338 φέρβειν
1387 4267 1459 4340 βοτὰ
1476 4269 1481 4335 Ι

171 4345 230 4409 οὔτ’
248 4350 318 4422 ἦλθέ
340 4369 385 4407 πω
412 4355 532 4426 σίδηρος,
560 4347 622 4408 ἀλλ’
648 4352 795 4426 ἀκήρατον
818 4357 822 4422 Ι
845 4353 964 4422 μέλισσα
986 4347 1102 4421 λειμῶν’
1119 4351 1218 4421 ἠρινόν
1234 4349 1381 4422 διέρχεται
1418 4352 1480 4410 I'ul.

172 4437 255 4493 Paed.
275 4440 298 4491 II
318 4439 394 4503 70,2

258 4557 301 4612 71
325 4559 403 4612 δεῖσα
422 4557 437 4626 ἡ
457 4553 577 4628 ὑγρασία
595 4559 646 4611 καὶ
665 4557 679 4626 ί,
700 4554 829 4625 ῥεπὼδης
847 4557 979 4620 σίστασις
996 4553 1067 4626 έγριί
1086 4557 1107 4609 F

257 4659 308 4712 Die
327 4659 411 4712 Verse
430 4659 501 4714 ohne
520 4647 690 4712 [berschrist
703 4659 766 4714 PM:
787 4659 843 4728 ταί.
862 4659 934 4714 IIinl.
