3520 5480
327 434 387 496 276
913 429 1045 482 Clemens.

330 584 426 660 »ἄνθ’
459 581 510 661 ῶν
539 591 776 681 ἐπορεύθησαν
797 595 831 662 αί
861 598 1044 680 θυγατέρες
1066 591 1162 661 Σιών
1194 586 1316 678 ὖφηλῷ
1339 586 1496 678 τραχήλῳ
1520 595 1578 660 καὶ
1601 594 1638 660 έν

327 686 484 777 νεύμασιν
515 685 723 780 ὀφθαλμῶν,
754 699 809 762 καὶ
832 699 874 780 τῇ
897 699 1016 782 πορείᾳ
1040 683 1105 777 άμα
1128 687 1285 778 σύρουσαι
1307 687 1388 772 τοῦς
1409 694 1560 776 χιτῶνας
1582 697 1638 758 καὶ

327 807 399 869 τοῖς
420 795 499 860 ποσὶ
520 799 708 876 παίζουσαι,
730 797 785 862 καὶ
809 791 1012 862 ταπεινώσει
1035 785 1054 862 ό
1076 788 1157 870 θεὸς
1179 787 1240 869 τὰς
1254 794 1445 876 θυγατέρας
1459 789 1560 859 Σιών
1582 795 1638 860 καὶ

325 882 535 975 άνακαλῦψει
557 889 597 962 τὸ
620 897 727 982 σχῆμα
749 887 897 974 αῦτῶντ,
921 889 962 964 τό
984 888 1133 980 ἄσχημον
1155 893 1270 977 σχῆμα.

290 1012 308 1065 5
407 983 490 1076 Ἐγώ
511 995 572 1077 μὲν
595 987 673 1061 οῦδὲ
695 990 756 1073 τὰς
778 996 987 1078 θεραπαίνας
1017 986 1101 1075 lgna
1129 985 1190 1068 τάς
1212 983 1297 1075 (ἐπ’)
1328 981 1537 1075 άρισ<τερᾶς>
1563 1009 1638 1072 ταῖς
1655 1003 1706 1066 TI]

325 1095 475 1174 γυναιξὶν
496 1083 551 1177 (ἢ)
575 1089 636 1172 τὰς
657 1090 822 1180 ἑπομένας
852 1087 969 1172 αῦταῖς
1000 1095 1231 1178 αἰσχρολογεῖν
1252 1083 1273 1174 ἢ
1295 1093 1536 1175 αίσχροεργεῖν,
1571 1113 1638 1158 σεο-

325 1195 545 1272 φρονίζεσθαι
567 1196 603 1260 δὲ
625 1187 729 1272 αῦτὰς
750 1190 837 1276 πρὸς
858 1197 932 1260 τῶν
952 1194 1156 1262 δεσποινῶν·
1191 1184 1323 1273 σφόδρα
1344 1193 1427 1276 γοῦν
1448 1190 1638 1278 ἐπιτιμητι-

324 1285 463 1358 κῶτατα
486 1282 505 1359 ό
527 1288 677 1379 κωμικός
702 1287 864 1378 Φιλήμων
887 1294 1003 1378 φησίν·

1078 1421 1178 1508 ἐξιών
1654 1450 1667 1504 2

275 1541 307 1594 10
534 1519 691 1610 γυναικός
713 1518 864 1608 ἐξόπισθ’
887 1526 1068 1610 ἐλευθέρας
1090 1527 1206 1604 βλέποι

531 1617 641 1710 μόνην
663 1620 876 1710 θεράπαιναν
896 1618 1045 1692 κατόπιν
1067 1615 1272 1692 ἀκολουθεῖν
1294 1617 1401 1708 καλὴν

533 1724 570 1791 ίκ
592 1726 655 1792 τοῦ
677 1727 886 1794 Πλαταιικσῦ
909 1750 946 1792 τε
968 1716 1304 1806 παρακολουθοῦντα
1326 1746 1404 1789 τινα

533 1819 640 1908 ταῦτη
662 1823 924 1894 κατιλλῶπτειν.

323 1949 526 2043 ἀναστρέφει
548 1952 610 2042 γάρ
632 1957 686 2025 ἐπὶ
709 1955 773 2045 τὴν
795 1961 977 2026 δέσποιναν
1000 1950 1020 2044 ἦ
1042 1960 1104 2044 τῆς
1125 1960 1337 2043 θεραπαίνης
1360 1948 1533 2036 άκολασία,
1566 1954 1665 2033 ἔπι-3

272 2073 304 2126 15
321 2049 457 2141 βάθραν
487 2057 661 2125 ἐνδιδοῦσα
693 2074 765 2138 τοῖς
795 2063 938 2146 πειρῶσι
969 2053 1011 2126 τά
1043 2051 1174 2143 ἥττονα
1202 2059 1264 2124 τοῦ
1285 2051 1330 2142 μὴ
1353 2048 1569 2136 εὐλαβεῖσθαι
1592 2052 1633 2122 τὰ

321 2159 467 2241 μείζονα,
499 2151 553 2224 διὰ
577 2160 639 2225 τοῦ
661 2154 923 2252 σηγγιγνώσκειν
950 2171 1023 2238 τοῖς
1045 2159 1192 2242 αἰσχροῖς
1215 2151 1255 2224 τὸ
1277 2150 1321 2242 μὴ
1344 2153 1632 2240 καταγιγνώσκειν

322 2250 548 2341 ίμφαινούσης
569 2258 631 2342 τῆς
653 2261 840 2343 δεσποίνης.
882 2253 923 2325 τὸ
946 2258 982 2324 δὲ
1003 2251 1047 2342 μὴ
1071 2256 1318 2340 έπαγανακτεῖν
1339 2267 1411 2332 τοῖς
1432 2246 1632 2322 άκολασταί-

322 2375 437 2421 νουσιν
461 2358 565 2437 σαφὲς
586 2359 715 2441 γίνεται
737 2351 919 2443 τεκμήριον
941 2352 1079 2442 γνώμης
1101 2357 1148 2435 είς
1170 2349 1212 2422 τὸ
1236 2344 1356 2440 ὅμοιον
1377 2354 1631 2440 ἐκτρεπομένης.

324 2453 397 2520 τοία
428 2450 490 2540 γὰρ
524 2455 715 2534 δέσποιναι,
749 2461 851 2539 φασὶν
883 2456 914 2524 οἱ
946 2447 1257 2541 παροιμιαζόμενοι,
1291 2447 1424 2522 »τοιάδε
1442 2444 1488 2537 χά
1508 2449 1626 2520 κάων(

270 2559 303 2613 20
403 2544 726 2638 Ἀποσκορακιστέον
749 2557 785 2621 δὲ
808 2547 962 2641 ἡμῖνκαὶ
984 2557 1048 2625 τοῦ
1069 2548 1260 2638 περιπάτου
1282 2549 1323 2622 τό
1338 2553 1514 2638 μανιῶδες,
1538 2547 1580 2620 τὸ
1596 2555 1659 2629 δὲς

321 2647 442 2736 σεμνόν
472 2656 527 2719 καὶ
559 2648 600 2720 τό
632 2659 790 2738 σχολαῖον
819 2655 1008 2732 ἐκλεκτέον,
1041 2647 1081 2722 οῦ
1114 2650 1155 2722 τὸ
1186 2647 1327 2739 βάδισμα
1355 2646 1395 2722 τό
1417 2645 1630 2738 μελλητικόν,

320 2745 397 2820 οῦδὲ
428 2746 469 2819 τό
500 2754 536 2820 έν
568 2769 642 2832 ταῖς
672 2745 763 2832 ὁδοῖς
790 2749 941 2822 σαλεύειν
971 2757 1026 2822 καὶ
1057 2746 1304 2837 ίξοπτιάζοντα
1334 2754 1564 2836 παραβλέπειν
1585 2753 1629 2830 τίς

320 2847 401 2932 τοῦς
419 2854 423 2935 Ι
443 2845 683 2932 ἀπαντῶντας,
706 2856 735 2921 εί
758 2845 1009 2934 ἀποβλέπουσιν
1030 2857 1077 2932 είς
1099 2845 1216 2932 αὐτόν,
1248 2845 1404 2936 καθάπερ
1427 2851 1481 2918 ίπὶ
1504 2855 1628 2937 σκηνῆς
1644 2863 1717 2922 1093

319 2947 581 3038 ίμπομπεῦοντα
602 2955 657 3019 καὶ
679 2947 1079 3040 δακτυλοδεικτοῦμενον.
1115 2945 1192 3021 οῦδὲ
1213 2943 1280 3020 ῦπό
1304 2952 1449 3019 οἰκετῶν
1471 2943 1658 3037 ἀναστρέῦ

268 3065 301 3118 25
320 3057 444 3134 φεσθαι
464 3047 528 3137 χρὴ
550 3047 637 3136 πρὸς
660 3047 700 3118 τὸ
716 3047 813 3136 σιμόν
829 3046 1058 3138 ώθοομένους,
1083 3047 1197 3136 ὥσπερ
1213 3047 1294 3130 τούς
1309 3053 1629 3137 τρυφητικιοτέρους

320 3141 462 3235 όρῶμεν,
494 3153 705 3236 ἐρρωμένους
727 3149 813 3218 είναι
837 3155 1033 3232 δοκοῦντας,
1064 3145 1132 3220 ῦπὸ
1154 3156 1318 3238 μαλακίας
1340 3153 1376 3217 δὲ
1398 3153 1540 3236 ψυχικῆς
1563 3151 1629 3220 δια-

319 3252 577 3336 τεθρυμμένους.
621 3242 744 3334 ἀνδρὸς
766 3253 801 3318 δὲ
823 3257 982 3336 γενναίου
1001 3265 1139 3337 σημεῖον
1161 3244 1261 3320 οῦδὲν
1282 3249 1368 3318 εἶναι
1382 3251 1433 3316 δεῖ
1444 3253 1630 3335 περιφανές

257 3423 259 3435 Ι
319 3348 362 3414 έν·
386 3352 436 3434 τῷ
467 3345 646 3434 προσώπῳ
677 3353 850 3434 μαλακίας,
883 3343 958 3420 ἀλλ’
981 3345 1059 3419 οῦδὲ
1082 3352 1118 3420 έν
1141 3349 1245 3437 ἑτέρῳ
1266 3353 1357 3436 μέρει
1379 3351 1441 3416 τοῦ
1463 3345 1629 3434 σώματος.

405 3529 823 3594 1-41α.3,161-ο-11
846 3533 991 3590 Philemon
1009 3536 1052 3590 Fr.
1071 3536 1121 3590 124
1139 3533 1206 3589 cAF
1224 3534 1249 3588 II
1272 3551 1297 3604 p.
1316 3535 1364 3588 517
1378 3549 1418 3601 sq.
1444 3561 1479 3571 -
1506 3533 1547 3588 1⁰
1573 3533 1629 3604 vgl.

318 3613 464 3684 Epicharm
482 3615 526 3670 Fr.
545 3617 595 3670 168
613 3616 727 3680 Kaibeh
745 3617 800 3686 vgl.
818 3617 899 3673 Plato
917 3618 984 3687 Rap.
1003 3619 1069 3672 VIII
1087 3635 1114 3688 p.
1132 3617 1215 3673 5030

402 3783 420 3837 ὅ
438 3778 489 3848 τὰς
508 3775 578 3850 τέκ’)
598 3781 777 3856 ἀρισ<τερᾶς1
796 3792 858 3850 ταῖς
875 3785 954 3840 Schw
972 3793 1033 3852 ταῖς
1051 3781 1181 3858 ἀρίσταις
1198 3785 1220 3838 Ρ
1244 3786 1248 3852 1
1273 3783 1292 3841 6
1317 3781 1360 3852 (ἢ)
1380 3784 1458 3838 Schw
1478 3783 1483 3850 Ι
1507 3781 1629 3852 θέξιὼν

318 3865 465 3920 Markland
477 3866 582 3938 Ειρίίο.
601 3871 655 3923 τεο
674 3871 745 3924 auct.
764 3869 896 3939 [Anhang
908 3887 941 3924 zu
954 3868 1045 3940 Eurip.
1064 3871 1167 3941 Suppl.)
1185 3887 1211 3940 p,
1228 3869 1279 3924 246
1296 3866 1395 3934 έξδνΡ
1413 3864 1628 3942 Ἐξοικιζομένῳ

318 3950 395 4006 Koek
411 3951 415 4018 Ι
433 3952 497 4008 lot
511 3950 607 4024 βλέπω
624 3953 715 4022 μόνην
734 3953 881 4008 Markland
898 3955 1077 4027 βλεπομένην
1095 3955 1117 4009 Ρ
1133 3956 1137 4024 Ι
1154 3956 1190 4010 11
1218 3953 1340 4010 κατόπιν
1358 3949 1541 4024 ἀκολουθεῖν]
1560 3949 1629 4010 καθ’

318 4031 385 4090 ὁδὸν
403 4033 565 4092 ἀκόλουθον
584 4037 681 4106 Koakl
703 4037 741 4092 12
768 4038 953 4108 Πλαταιικοῦ]
973 4040 1094 4110 πλαγίου
1113 4039 1141 4092 0.
1160 4038 1189 4092 F.
1207 4037 1348 4094 Hermann
1371 4039 1376 4107 Ι
1399 4056 1429 4094 τε
1447 4043 1627 4108 παρακαλοῦ·

316 4119 424 4176 θοῦντά
442 4120 516 4190 τινα]
535 4120 811 4194 παρακολουθοῦντά
838 4141 868 4178 τε
887 4121 1005 4190 Bentley
1022 4121 1316 4194 παρακολουθοῖντάς
1332 4140 1413 4188 τινας
1431 4122 1580 4178 Markland
1598 4141 1626 4178 τε

317 4201 581 4276 παρακολουθοῦντ’
609 4201 645 4262 ἄν
672 4224 735 4260 τινα
754 4206 894 4261 Hermann
918 4207 1190 4278 παρακολουθοῦντί
1214 4224 1245 4264 τε
1263 4205 1366 4274 ίοττίο,
1392 4207 1526 4262 Ramarka
1552 4223 1625 4278 upon

317 4289 420 4345 Ecelaa.
448 4290 517 4344 flat.
536 4291 577 4344 ed.
604 4291 641 4359 by
660 4289 704 4344 W.
723 4289 882 4360 'Irollopel
908 4307 934 4360 p.
953 4292 1003 4345 282
1028 4297 1087 4346 τῶν
1113 4289 1414 4362 παρακολοιθοιότων
1439 4292 1494 4348 τινί
1522 4291 1625 4358 ΚοοίιΙ

319 4374 356 4430 18
373 4373 460 4443 ταύτῃ
476 4371 681 4430 κατιλλὼπτειν
700 4373 790 4442 (τινά)
809 4375 925 4445 Bentley
951 4373 1039 4443 ταύτῃ
1065 4369 1296 4445 ’γκατιλλὼπτειν
1313 4375 1440 4431 Mainake
1462 4369 1526 4446 μεγ’
1545 4372 1624 4446 έγκα·

317 4455 483 4515 τιλλιίιπτειν
494 4459 603 4514 Dobrea
620 4465 714 4530 κρτφῆ
731 4454 1010 4529 ’γκατιλλώπτουσαν
1028 4459 1106 4513 Kock
1122 4460 1126 4526 Ι
1144 4459 1207 4515 141
1223 4455 1385 4532 ἐπιβάθραν
1397 4459 1546 4515 Markland
1559 4478 1583 4514 a
1601 4477 1624 4514 a

317 4543 347 4596 0.
365 4559 389 4612 p.
408 4545 457 4597 247
476 4540 732 4615 έπιβαθραίνεινΡ
756 4547 759 4608 Ι
786 4544 822 4598 15
841 4551 893 4598 τοῦ
912 4545 998 4599 Cobet
1019 4543 1052 4600 τδ
1072 4544 1093 4596 Ρ
1111 4550 1151 4615 τῷ
1169 4543 1281 4612 θγΙῙθ
1298 4563 1336 4614 χα
1355 4545 1433 4613 (fiber
1451 4565 1469 4600 α
1487 4544 1624 4614 ΒοεΙΡΙ

315 4627 353 4682 20
371 4623 615 4698 ἀποκορακιστέον
634 4628 654 4680 F
670 4629 674 4695 Ι
691 4628 752 4683 alt
775 4624 1015 4698 ἀναστρέφεσθαι]
1035 4625 1231 4701 ἀναφέρεσθαι
1252 4629 1299 4682 Ma
1316 4625 1528 4702 ἅναρριχᾶσθαι
1547 4629 1623 4684 Sohw
