3586 5466
326 451 344 510 4
917 440 1050 494 Clemens.

326 613 381 676 καὶ
403 602 625 694 καθύμνηται.
661 605 728 694 ἐγώ
750 610 819 693 μέν,
844 609 871 673 εί
892 611 948 674 καί
968 600 1079 692 μῦθός
1102 609 1176 687 είσι,
1199 609 1433 690 δυσανασχετῶ
1456 600 1635 686 τοσαύταις
1653 631 1671 682 2

327 709 658 794 έκτραγῳδσυμέναις
674 722 874 791 συμφοραῖς·
895 700 973 792 ύμῖν
996 710 1030 774 δὲ
1052 710 1107 774 καὶ
1130 710 1204 775 τῶν
1225 711 1343 773 κακῶν
1366 705 1399 772 αλ
1422 698 1613 790 ἀναγραφαὶ
1631 757 1633 778 ,

327 801 482 894 γεγόνασι
497 801 650 893 δράματα
665 811 720 874 καὶ
740 808 814 873 τῶν
836 801 1021 892 δραμάτων
1043 805 1075 874 οί
1090 799 1270 891 ύποκριταὶ
1286 809 1449 891 θυμηδίας
1471 799 1636 891 θεάματα.
1656 821 1707 876 3Ρ

327 901 415 976 ἀλλὰ
431 903 493 993 γὰρ
509 902 551 974 τά
573 907 634 991 μὲν
650 899 803 991 δράματα
825 909 880 971 καὶ
903 902 983 984 τούς
1006 909 1232 992 ληναΐςσντας
1253 899 1407 991 ποιητάς,
1430 909 1550 973 τέλεον
1571 898 1635 990 ἤδη

292 1017 308 1069 5
326 1009 585 1090 παροινοῦντας,
608 1010 717 1092 κιττῷ
737 1029 806 1074 που
820 997 1058 1092 ἀναδήσαντες,
1082 999 1314 1090 ἀφραίνοντας
1336 998 1493 1084 ἐκτόπως
1515 1009 1637 1090 τελετῇ

327 1111 480 1191 βακχικῇ,
504 1097 620 1183 αύτοίς
642 1099 798 1188 σατύροις
819 1111 875 1172 καί
897 1099 1008 1191 θιάσῳ
1031 1097 1189 1189 μαινάλη,
1217 1102 1278 1172 σύν
1300 1109 1355 1172 καὶ
1377 1109 1428 1191 τῷ
1451 1100 1545 1192 άλλῳ
1569 1107 1637 1172 δαι-

327 1199 445 1292 μόνων
473 1209 581 1291 χορῷ,
610 1197 766 1272 Ἑλικῶνι
796 1209 850 1271 καί
884 1207 1076 1289 Κιθαιρῶνι
1105 1209 1379 1289 κατακλείσωμεν
1408 1197 1636 1291 γεγηρακόσιν,

327 1299 528 1389 κατάγωμεν
543 1305 577 1370 δὲ
600 1299 740 1371 ἄνωθεν
762 1304 797 1386 ἐξ
818 1297 977 1388 οὐρανῶν
999 1296 1164 1389 ἀλήθειαν
1187 1293 1254 1390 άμα
1270 1297 1450 1389 φανοτάτη
1474 1297 1636 1390 φρονήσει

329 1407 375 1482 είς
397 1394 476 1487 ὄρος
503 1393 599 1488 άγιον
625 1405 709 1470 θεοῦ
730 1406 784 1470 καί
806 1399 910 1487 χορὸν
934 1400 1018 1487 [τὸν]
1043 1394 1140 1489 ἀγιον
1155 1399 1217 1472 τὸν
1238 1399 1465 1489 προφητικόν.
1501 1400 1572 1491 ἢδὲ
1587 1395 1636 1482 ῶς
1654 1433 1671 1484 3

278 1515 310 1568 10
329 1494 384 1572 ότι
409 1497 555 1587 μάλιστα
582 1505 745 1590 τηλαυγὲς
771 1493 1022 1584 ἀποστίλβουσα
1049 1507 1125 1587 φώς
1150 1505 1390 1589 καταυγαζέτω
1417 1498 1532 1588 πάντη
1554 1499 1635 1580 τοὺς

328 1605 365 1672 ἐν
387 1597 499 1670 σκότει
522 1604 803 1687 κυλινδουμένους
824 1607 881 1670 καί
903 1607 963 1688 τῆς
977 1597 1111 1689 πλάνης
1131 1599 1212 1682 τούς
1234 1595 1442 1686 ἀνθρώπους
1463 1596 1635 1672 ἀπαλλατ-

328 1706 431 1784 τέτω,
464 1699 529 1788 τὴν
554 1693 749 1786 ὑπερτάτην
776 1694 938 1786 ὀρέγουσα
960 1696 1086 1784 δεξιάν,
1119 1699 1183 1789 τὴν
1205 1698 1351 1784 σύνεσιν,
1384 1705 1430 1782 είς
1451 1707 1635 1790 σωτηρίαν.

328 1803 362 1872 οἳ
390 1805 426 1869 δὲ
457 1795 701 1878 άνανεύσαντες
731 1803 786 1868 καὶ
817 1792 1054 1884 ἀνακύψαντες
1078 1795 1242 1870 Ἑλικῶνα
1267 1805 1328 1886 μέν
1353 1808 1409 1869 καὶ
1432 1805 1635 1887 Κιθαιρῶνα

327 1895 621 1980 καταλειπόντων,
641 1895 834 1968 οίκσύντων
854 1901 889 1966 δὲ
905 1896 1015 1968 Σιών·
1041 1903 1095 1970 »ἐκ
1110 1897 1173 1988 γὰρ
1188 1899 1285 1970 Σιῶν
1300 1898 1506 1985 ἐξελεύσεται
1520 1897 1634 1988 νόμος,

278 2013 309 2066 15
327 2005 383 2070 καὶ
409 1994 512 2086 λόγος
538 2003 656 2087 κυρίου
686 2001 721 2082 ἐξ
741 1991 985 2086 Ἰερουσαλήμ,
1017 1995 1118 2086 λόγος
1144 1994 1317 2086 σύράνιος,
1345 1995 1364 2070 δ
1388 1997 1523 2090 γνήσιος
1549 1993 1636 2086 ἀγω-

328 2097 443 2187 νιστὴς
466 2103 521 2167 ἐπὶ
543 2104 594 2186 τῷ
621 2095 752 2176 παντὸς
773 2095 901 2182 κόσμου
922 2093 1061 2186 θεάτρῳ
1084 2097 1364 2186 στεφανούμενος.
1407 2093 1478 2188 ᾄδει
1500 2103 1537 2166 δέ
1557 2125 1594 2184 γε
1616 2092 1672 2177 όι

329 2190 484 2285 Εὔνομος
506 2190 525 2267 ό
548 2194 626 2285 ἐμός
648 2192 690 2286 σύ
711 2195 774 2266 τὸν
793 2196 1010 2285 Τερπάνδρου
1031 2193 1139 2286 νόμον
1160 2195 1238 2270 οὐδὲ
1260 2195 1324 2269 τὸν
1341 2205 1533 2278 Καπίωνος,
1556 2192 1636 2268 ούδὲ

327 2296 395 2386 μὴν
423 2295 571 2384 Φρύγιον
601 2291 622 2382 ἢ
650 2293 777 2366 Λύδιον
806 2291 827 2382 ιΙ
853 2295 994 2384 Δώριον,
1026 2294 1114 2370 ἀλλὰ
1144 2303 1204 2388 τῆς
1234 2303 1352 2386 καινῆς
1381 2292 1542 2386 ἁρμονίας
1572 2293 1638 2366 τόν

329 2392 439 2466 ἀίδιον
469 2393 586 2482 νόμον,
618 2394 681 2465 τὸν
714 2394 916 2483 φερώνυμον
947 2403 1011 2468 τοῦ
1041 2403 1139 2480 θεοῦ,
1173 2395 1214 2467 τὸ
1245 2387 1332 2488 ᾆσμα
1363 2392 1404 2466 τὸ
1433 2393 1563 2478 καινόν,
1595 2393 1636 2466 τὸ

277 2509 310 2564 20
328 2489 515 2577 Λευιτικόν,
554 2499 742 2580 »νηπενθές
778 2489 808 2562 τ’
846 2493 975 2581 ἄχολόν
1010 2523 1056 2579 τε,
1093 2501 1211 2568 κακῶν
1247 2499 1407 2584 ἐπίληθες
1437 2490 1636 2570 άπάντωνι.

202 2593 205 2600 ’
328 2591 432 2682 γλυκύ
454 2622 488 2663 τι
509 2600 564 2664 καὶ
586 2589 756 2681 ἀληθινὸν
778 2593 958 2682 φάρμακον
979 2601 1139 2678 πένθους,
1162 2599 1359 2684 ἐγκέκραται
1382 2601 1432 2684 τῷ
1455 2589 1585 2684 ᾄσματι.

409 2688 499 2781 Ἐμοί
527 2699 588 2778 μὲν
619 2684 681 2764 σύν
712 2697 871 2764 δοκοῦσιν
902 2688 1087 2785 όθρᾴκισς
1115 2699 1241 2776 ἐκεῖνος
1264 2691 1418 2780 [Ὀρφεὺς]
1448 2701 1503 2763 καὶ
1529 2687 1548 2763 δ
1575 2702 1711 2789 Gry-31

327 2803 422 2877 βαίος
443 2798 498 2862 καὶ
521 2787 539 2862 ὁ
564 2800 803 2882 Μηθυμναῖος,
835 2791 954 2882 ἀνδρες
981 2799 1070 2877 τινὲς
1093 2790 1155 2866 σύκ
1177 2792 1310 2880 ἄνδρες,
1342 2788 1520 2882 ἀπαΙτηλσί
1542 2821 1637 2881 γεγο·
1656 2817 1709 2871 αΡ

329 2899 431 2976 νέναι,
454 2889 665 2981 προσγὴματί
681 2895 750 2978 <τε>
772 2899 933 2981 μουσικῆς
956 2891 1182 2984 λυμηνάμενοι
1204 2891 1267 2962 τὸν
1289 2899 1373 2976 βίον,
1397 2895 1543 2980 ἐντέχνῳ
1568 2899 1637 2963 τινὶ

277 3005 309 3058 25
328 2998 466 3083 γοητείᾳ
494 2995 723 3077 δαιμονῶντες
749 2997 795 3073 είς
818 2990 1024 3083 διαφθοράς,
1054 2987 1163 3080 ύβρεις
1190 2987 1419 3082 ὀργιάζοντες,
1450 2997 1561 3080 πένθη
1585 2997 1637 3062 ἐκ·

329 3088 534 3177 θειάζοντες,
558 3090 639 3172 τούς
655 3086 862 3178 ἀνθρώπους
877 3095 932 3162 ἐπὶ
948 3091 990 3163 τὰ
1005 3097 1130 3164 εἴδωλα
1148 3097 1393 3180 χειραγωγῆσαι
1416 3097 1558 3178 πρῶτοι,
1583 3097 1638 3161 ναὶ

327 3188 394 3278 μὴν
416 3197 526 3269 λίθοις
546 3197 603 3258 καὶ
625 3187 746 3275 ξύλοις,
769 3197 948 3262 τουτέστιν
970 3189 1136 3282 ἀγάλμασι
1156 3196 1212 3262 καί
1234 3198 1477 3278 σκιαγραφίαις,
1501 3187 1637 3261 ἀνοικο-

329 3295 469 3377 δομῆσαι
500 3287 564 3377 τὴν
591 3285 776 3378 σκαιότητα
798 3296 861 3360 τοῦ
887 3293 1003 3374 έθους,
1037 3291 1101 3380 τιΙν
1127 3289 1236 3378 καλὴν
1258 3281 1371 3372 ὄντως
1393 3293 1523 3379 ἐκείνην
1545 3295 1636 3362 ἐλευ-

412 3559 431 3612 4
444 3563 503 3626 λην.
514 3557 569 3628 vgl.
583 3558 711 3613 Heraklit
719 3559 762 3612 Fr.
772 3561 820 3614 127
834 3561 909 3628 Byw.
923 3565 955 3616 15
973 3561 1047 3615 Diels
1064 3593 1096 3602 -
1116 3563 1157 3620 81
1167 3561 1221 3632 vgl.
1235 3561 1306 3615 Ρίαί.
1319 3559 1426 3615 Phileb.
1443 3577 1469 3630 p.
1483 3560 1542 3616 160
1560 3565 1652 3617 θεῶν’

328 3639 381 3708 μὲν
399 3640 439 3707 είς
457 3639 630 3712 ἀνθρώπους
646 3643 723 3708 δδσις
740 3643 830 3699 πσθέν
848 3641 881 3700 ἐκ
898 3649 975 3700 θεῶν
993 3643 1094 3716 ἐρρίφη
1113 3646 1156 3702 διά
1175 3665 1252 3711 τινος
1269 3645 1450 3718 Προμηθέως
1467 3640 1529 3714 ἅμα
1548 3665 1637 3714 φανο-

327 3723 403 3800 τάτιρ
421 3729 475 3782 τινί
492 3729 558 3800 πυρί
575 3757 608 3766 -
626 3729 645 3783 θ
665 3721 732 3799 ὄρος
750 3721 776 3782 ιλ.
790 3731 817 3782 θ.
837 3728 891 3797 vgl.
911 3749 933 3783 τ.
943 3731 972 3783 B.
992 3730 1089 3784 Ezoeh.
1107 3731 1148 3796 ⁴28,
1160 3734 1191 3785 14
1209 3761 1241 3771 ·-
1261 3731 1324 3786 141
1340 3731 1393 3787 Jes.
1406 3730 1459 3796 2,ss
1477 3760 1511 3770 -
1531 3731 1568 3786 19
1583 3730 1637 3800 vgl.

328 3810 399 3864 Psol.
412 3812 453 3878 32,
465 3812 494 3874 3;
512 3813 553 3874 39,
563 3811 592 3882 4];
610 3813 650 3876 95,
665 3817 692 3876 1;
710 3815 751 3878 91,
767 3816 793 3875 1;
812 3815 897 3880 149,1
915 3845 948 3852 -
967 3816 1036 3870 2οδ
1046 3816 1095 3870 221

414 4015 432 4068 8
445 4014 583 4082 θυμηδίας
591 4013 620 4066 Μ
629 4015 819 4082 θνμηΙίίέαςΡ
835 4015 839 4082 Ι
853 4018 872 4070 6
884 4023 971 4084 μαινίί
992 4037 1019 4084 ηι
1029 4017 1050 4070 Ρ
1061 4015 1182 4085 μαινάλη
1192 4019 1235 4072 M²
1243 4015 1371 4088 μαινὼλη
1382 4019 1427 4072 M*
1441 4021 1445 4082 1
1461 4019 1480 4073 θ
1494 4015 1563 4087 [τὸν]
1573 4017 1619 4070 wi
1631 4019 1636 4086 Ι

331 4098 367 4152 ll
386 4095 622 4165 καλινδουμένοις
634 4099 669 4152 Di
683 4098 738 4167 vgl.
752 4099 841 4154 Protr.
853 4103 894 4163 55,
907 4103 936 4164 53
954 4102 995 4166 92,
1008 4103 1025 4154 4
1040 4101 1044 4170 Ι
1061 4102 1096 4156 17
1118 4098 1187 4170 ἐμὸς
1205 4099 1239 4157 οὔ
1251 4103 1287 4157 P²
1304 4103 1354 4156 auf
1368 4103 1430 4157 Rau.
1446 4107 1450 4168 Ι
1465 4099 1517 4157 τδν
1534 4112 1568 4162 <
1585 4103 1635 4156 1²²⁴

329 4179 555 4253 τερπνάνδρουΡ
572 4183 576 4250 Ι
592 4182 745 4248 Καπίωνος
763 4184 870 4238 Alberti
890 4202 923 4238 zu
940 4185 1057 4254 Hesyoh.
1076 4203 1095 4239 ε.
1109 4203 1135 4240 v.
1152 4186 1273 4242 Καπίων
1290 4185 1486 4252 καπίτωνοςΡ
1502 4187 1506 4254 Ι
1523 4187 1563 4241 20
1581 4183 1639 4241 ἐπί-

329 4269 419 4332 ληθον
437 4265 622 4320 Aristarcho.
641 4267 685 4321 die
703 4267 819 4322 meisten
837 4267 921 4323 Godd.
943 4269 946 4336 Ι
967 4270 1005 4325 21
1025 4268 1149 4335 πένθους
1167 4269 1313 4338 Reinkeno,
1332 4272 1372 4325 De
1389 4269 1531 4324 clemente
1548 4270 1638 4340 presb.

330 4349 406 4402 Alex.
430 4349 548 4416 homine,
575 4349 713 4420 scriptore,
740 4352 912 4422 philosopho,
939 4353 1070 4423 theologo
1094 4355 1164 4410 libor
1184 4356 1370 4411 Vratislaviae
1391 4357 1456 4410 1851
1477 4371 1504 4423 p.
1521 4355 1555 4408 29
1582 4353 1638 4426 vgl.

328 4434 418 4488 meino
441 4433 503 4488 Obs.
528 4435 586 4488 orit.
610 4453 635 4504 p.
654 4437 687 4489 ‘24
710 4441 828 4502 πειθοῦς
850 4438 871 4490 Ρ
896 4439 900 4506 Ι
924 4439 963 4493 22
987 4431 1119 4508 [Ὀρφεὺς]
1141 4439 1187 4493 Wi
1211 4443 1215 4508 Ι
1240 4443 1305 4496 231
1325 4437 1477 4512 γεγονότες
1499 4438 1639 4493 Reinkens

327 4536 353 4587 p.
364 4520 397 4573 30
412 4519 416 4582 1
432 4517 470 4572 24
490 4521 547 4586 (τε)
559 4518 606 4574 Wi
622 4521 625 4588 Ι
643 4522 681 4576 25
699 4523 897 4590 δαιμονῶντες,
916 4520 956 4586 εἰς
973 4525 1134 4594 διαφθορᾶς
1152 4521 1277 4595 εὑρέσεις
1295 4522 1638 4594 vgl.weish.Sal.14,12

328 4602 408 4656 Sehw
431 4605 435 4668 Ι
461 4599 642 4673 ὀργιάζοντες
660 4605 696 4658 Ρ2
714 4603 876 4676 δργίζοντες
893 4607 931 4660 Ρ*
955 4609 958 4676 Ι
985 4609 1020 4662 2?
1034 4609 1050 4662 1
1064 4605 1287 4678 ἀνοικοδομῆσαι
1305 4613 1330 4676 (ν
1348 4609 1377 4664 in
1397 4609 1486 4677 Korr.)
1504 4607 1526 4660 P
