3510 5474
426 433 608 504 Paedagogus
625 434 646 488 Ι.
664 433 728 505 Cap.
747 435 793 489 XI.
812 436 853 498 97,
863 435 981 505 3-Οορ.
998 435 1057 489 XII.
1076 435 1134 503 100,
1145 440 1167 490 1.
1391 445 1448 506 149

135 593 267 668 εἰκόνα.
290 593 411 686 Ιὴμεῖς
441 602 490 681 δέ,
522 587 551 666 6
582 604 698 680 παῖδες
725 592 859 685 ἀγαθοῦ
889 595 1032 686 πατρός,
1068 595 1201 687 ἀγαθοῦ
1231 604 1450 689 παιδαγωγοῦ
1468 612 1535 670 ¹598

136 704 328 786 θρέμματα,
350 696 586 817 πληρῶσωμεν
607 694 649 766 τό
672 701 802 786 θέλημα
824 703 888 768 τοῦ
909 694 1049 785 πατρός,
1073 695 1250 788 ἀκούωμεν
1269 728 1331 770 του
1316 696 1451 788 λόγου

135 802 196 868 καὶ
227 793 292 866 τὸν
323 793 495 885 σωτήριον
526 787 638 879 όντως
669 791 920 887 ἀναμαξιόμεθα
956 803 1019 869 τοῦ
1049 805 1203 888 σωτῆρος
1235 795 1334 917 ἡμῶν
1362 807 1450 884 βίον·

136 901 281 968 ἐνθένδε
298 891 367 1018 ἤδη
390 893 454 984 τὴν
476 890 681 981 ἐπουράνιον
701 903 913 984 μελετῶντες
931 904 1118 981 πολιτείαν,
1140 894 1257 968 καθί
1246 893 1289 987 ἢν
1270 896 1450 970 νέκθεοῦ-

94 1021 114 1074 5
134 1005 239 1086 μεθα,
270 993 312 1066 τὸ
339 993 497 1076 ἀειθαλὲς
516 999 520 1082 Ι
540 990 751 1083 εῦφροοῦνης
772 991 904 1084 <καὶ>’
884 992 1057 1084 ακήρατον
1088 992 1230 1078 εῦῶδίας
1260 997 1449 1084 ἐπαλειφῶ-
1469 1016 1552 1074 1571)

134 1106 229 1184 μεθα
258 1114 391 1183 χρῖσμα,
423 1097 559 1214 ἐναργὲς
588 1089 774 1213 ὑπόδειγμα
804 1091 997 1182 ἀφθαρσίας
1023 1095 1088 1185 τὴν
1113 1100 1331 1168 πολιτείαν”
1316 1123 1450 1186 εχοντες

135 1201 204 1266 τοῦ
239 1201 358 1283 κυρίου
391 1201 448 1264 καὶ
483 1192 526 1264 τά
556 1196 632 1283 ίχνη
662 1201 726 1266 τοῦ
756 1203 841 1266 θεοῦ
872 1193 1068 1278 διώκοντες·
1106 1187 1134 1285 ᾧ
1161 1194 1257 1285 μόνῳ
1287 1196 1450 1288 προσήκει

136 1312 280 1365 σκοπεῖν
309 1299 365 1364 καλ
395 1293 437 1382 δὴ
467 1300 559 1383 μέλει
589 1299 664 1376 πῶς
690 1300 745 1363 καλ
768 1303 846 1365 τίνα
868 1291 1001 1382 τρόπον
1022 1292 1248 1384 ῦγιεινότερος
1270 1294 1313 1367 66
1336 1290 1355 1366 6
1377 1305 1451 1368 τῶν

137 1390 344 1480 ἀνθρώπων
365 1399 438 1476 βίος
468 1398 612 1482 γένοιτο.
655 1388 742 1464 ἀλλὰ
772 1400 827 1463 καλ
857 1391 944 1482 πρὸς
975 1389 1177 1481 αὐτάρκειαν
1208 1401 1271 1467 τοῦ
1300 1403 1375 1481 βίου
1396 1402 1486 1476 6664

74 1519 114 1571 10
137 1487 399 1582 άπεριττότητα
430 1495 480 1563 ἔτι
503 1520 539 1562 τε
569 1484 720 1578 εὔζωνόν
746 1521 784 1562 τε
813 1499 869 1563 καὶ
895 1487 1038 1566 εῦλυτον
1058 1488 1333 1617 ὁδοιπορικὴν
1321 1491 1452 1583 ετοιμό·

139 1619 231 1680 τητα
265 1596 310 1674 εἰς
345 1587 523 1680 ἀιδιότητα
553 1587 694 1679 εῦςωΐας
731 1591 988 1680 παρασκευάζει,
1025 1591 1132 1666 αὐτὸν
1168 1592 1274 1666 αῦτοῦ
1309 1595 1454 1666 ἕκαστον

138 1688 245 1780 ἡμῶν
267 1709 419 1780 ταμιεῖον
434 1705 519 1764 εῖναι
534 1687 710 1764 διδαοκων
757 1691 818 1781 »μὴ
841 1692 904 1781 γὰρ
926 1699 1136 1782 μεριμνᾶτει,
1159 1701 1249 1781 φησί,
1276 1699 1370 1783 »περὶ
1393 1701 1454 1783 τῆς

135 1783 290 1912 αῦριονη,
320 1797 444 1882 χρῆναι
474 1797 587 1880 λέγων
616 1789 680 1861 τὸν
713 1785 1010 1881 ἀπογεγραμμένον
1041 1798 1180 1882 Χριστοῦ
1213 1788 1365 1914 αὐτάρκη
1397 1798 1454 1863 καὶ

136 1887 387 1963 αῦτοδιάκονον
413 1897 469 1961 καὶ
495 1897 636 1980 προσέτι
663 1888 833 1981 ἐφήμερον
859 1896 1114 1978 ἐπαναιρεῖσθαι
1141 1899 1224 1975 βίον.
1268 1887 1309 1961 οῦ
1330 1891 1392 1980 γάρ
1415 1895 1452 1962 ἐν

75 2015 113 2065 15
134 1997 296 2078 πολέμῳ,
323 1985 402 2062 ἀλλ’
431 1994 469 2062 ἐν
496 1987 612 2079 εἰρήνη
638 1990 954 2081 παιδαγωγοῦμεθα.
997 1998 1135 2079 πολέμῳ
1157 1996 1217 2078 μὲν
1240 1983 1301 2061 οῦν
1322 1998 1452 2080 πολλῆς
1469 2001 1535 2070 99,1

136 2094 193 2161 δεῖ
226 2095 286 2179 τῆς
320 2095 530 2178 παρασκευῆς
562 2094 735 2176 δαψιλείας
770 2119 807 2162 τε
836 2089 948 2180 χρῄζει
977 2087 998 2179 6
1021 2086 1153 2213 τρυφή·
1185 2087 1299 2180 εἰρήνη
1330 2097 1366 2160 δὲ
1395 2099 1451 2162 καὶ

138 2185 272 2278 ἀγάπη,
303 2184 445 2311 ἀφελεῖς
468 2185 575 2260 καὶ
554 2187 766 2278 απράγμονες
797 2188 952 2313 ἀδελφαί,
989 2186 1050 2280 οῦχ
1081 2184 1202 2260 ὅπλων
1232 2194 1381 2276 δέονται,
1413 2189 1453 2262 οῦ

136 2293 353 2376 παρασκευῆς
374 2284 524 2360 ἀσώτου
555 2285 656 2378 λόγος
678 2293 770 2360 ἐστὶν
792 2287 909 2374 αάταῖς
931 2287 952 2380 6
974 2286 1097 2379 τροφή,
1121 2284 1234 2412 ότὴν
1245 2291 1453 2381 ἐνδεικτικὴν

137 2394 197 2458 καὶ
219 2387 438 2476 παιδευτικὴν
462 2384 644 2478 ἡγεμονίαν
665 2398 922 2480 κεκληρωμένος
945 2388 1060 2479 λόγος,
1087 2417 1157 2478 παρ
1196 2379 1236 2461 66
1258 2387 1299 2460 τὸ
1322 2385 1453 2472 εάτελές

73 2510 114 2564 20
139 2517 178 2559 τε
211 2517 267 2558 και
299 2486 433 2575 ἀτυφον
462 2496 519 2558 καὶ
549 2487 590 2560 τό
614 2481 698 2561 όλον
720 2487 966 2611 φιλελεύθερον
996 2496 1052 2560 καὶ
1079 2486 1334 2577 φιλάνθρωπον
1356 2487 1452 2575 φιλό-

135 2584 248 2658 καλόν
271 2614 308 2658 τε
330 2584 599 2676 ἐκμανθάνομεν,
622 2589 671 2657 ἑνὶ
695 2585 788 2678 λόγῳ
810 2617 871 2678 μετ
877 2584 1165 2678 ''6666666666
1145 2594 1266 2677 αρετῆς
1281 2586 1452 2675 ἐξομοιοῦ-

134 2715 235 2777 μενοι
266 2694 318 2777 τῷ
341 2693 423 2776 θεῷ.
470 2682 549 2759 ἀλλ’
581 2683 716 2759 ἐκπόνει
745 2695 801 2758 καὶ
831 2688 875 2777 μὴ
906 2685 1093 2778 ἀπόκαμνε·
1125 2693 1181 2776 ἐση
1208 2685 1270 2778 γάρ
1294 2689 1366 2772 οἷος
1389 2686 1485 2766 οῦκ2

136 2789 286 2872 ἐλπίζεις
317 2781 391 2856 066³
419 2783 548 2856 εἰκάσαι
579 2785 697 2858 δῦναιο
726 2786 776 2860 άν.
820 2784 868 2870 ῶς
891 2794 926 2859 δέ
949 2791 1018 2859 ἔστι
1045 2818 1097 2871 τις
1120 2787 1207 2875 άλλη
1230 2793 1291 2877 μὲν
1313 2786 1451 2874 φιλοσό-

138 2913 219 2973 φων
249 2881 380 2974 ἀγωγή,
412 2884 498 2974 άλλη
530 2891 565 2956 δέ
596 2884 770 2976 ρητόρων,
800 2893 1002 2959 παλαιστῶν
1029 2893 1064 2957 δὲ
1091 2886 1192 2976 άλλη,
1224 2879 1333 2968 οῦτως
1359 2889 1452 2956 ἐστὶν

78 3007 115 3061 25
139 2992 279 3076 γενναία
311 2982 460 3068 διάθεοις
491 2981 671 3075 φιλοκάλῳ
702 2993 894 3075 προαιρέσει
919 2983 1137 3076 κατάλληλος
1159 2991 1195 3056 ἐκ
1218 2993 1279 3073 τῆς
1301 2991 1453 3072 Χριστοῦ

137 3089 371 3172 παιδαγωγίας
411 3091 662 3174 περιγινομένη,
704 3092 761 3156 καὶ
796 3085 839 3158 τά
881 3093 942 3174 τῆς
983 3091 1149 3174 ἐνεργείας
1192 3089 1452 3206 πεπαιδευμέναι

137 3189 258 3273 σεμναί
290 3189 533 3272 διαπρέπουσιν
566 3193 686 3272 πορεία
718 3194 774 3256 καὶ
803 3183 1001 3267 κατάκλισις
1029 3193 1086 3256 καὶ
1115 3184 1229 3274 τροφὴ
1259 3179 1366 3254 καὶυ
1344 3212 1452 3267 υπνος

137 3291 197 3355 καὶ
218 3291 318 3373 κοίτη
340 3291 396 3354 καλ
418 3290 531 3356 δίαιτα
552 3281 651 3354 καὶι
632 3313 652 3374 6
666 3285 778 3400 λοιπὴ
793 3291 940 3356 παιδεία·
964 3281 1004 3356 66
999 3284 1080 3386 ,γάρ
1096 3280 1285 3372 ῦπέρτονος
1301 3313 1321 3406 η
1311 3279 1451 3355 τοιάδε

138 3381 257 3473 ἀγωγὴ
289 3389 351 3454 τοῦ
357 3380 499 3507 λόγου,
531 3379 610 3454 ἀλλ’
641 3376 788 3466 εῦτονος.
831 3383 940 3472 ταῦτη
970 3387 1033 3455 οῦν
1063 3391 1119 3455 καὶ
1149 3382 1265 3473 σωτὴρ
1298 3379 1317 3454 6
1348 3380 1450 3473 λόγος
1469 3405 1550 3472 100,1

82 3504 118 3558 30
138 3490 316 3572 κέκληται,
348 3477 367 3553 6
395 3483 438 3554 τά
465 3482 583 3572 λογικά
613 3489 721 3554 ταῦτα
751 3485 898 3573 ἐξευρῶν
926 3481 1125 3571 ἀνθρώποις
1157 3486 1202 3567 είς
1233 3479 1451 3572 εῦαισθησίαν

138 3589 196 3652 καὶ
220 3589 394 3669 σωτηρίαν
416 3578 587 3670 φάρμακα,
611 3587 785 3673 ἐπιτηρῶν
805 3591 867 3674 μὲν
889 3584 953 3674 τὴν
969 3581 1149 3671 εάκαιρίαν,
1171 3587 1319 3672 ἐλέγχων
1334 3582 1424 3652 δε
1387 3611 1451 3672 την

230 3738 248 3792 2
266 3735 385 3810 θρέμμα
403 3738 460 3808 vgl.
479 3754 500 3794 τ.
519 3737 549 3790 Β.
568 3736 650 3794 Ρίολο
668 3739 733 3808 Leg.
747 3739 785 3794 VI
803 3757 829 3808 p.
848 3740 932 3795 777Β
950 3769 983 3778 -
1002 3740 1044 3796 57
1059 3739 1115 3809 vgl.
1128 3739 1200 3794 Psal.
1211 3742 1253 3806 44,
1265 3741 1295 3803 θ;
1314 3739 1367 3794 Jes.
1376 3741 1417 3804 61,
1436 3739 1452 3794 3

138 3853 173 3862 -
194 3822 372 3879 1616661.
390 3823 414 3886 6,
433 3824 466 3877 34

227 3957 245 4013 2
265 3955 435 4024 ἀκούσωμεν
443 3956 592 4010 Markland
607 3960 611 4024 Ι
628 3957 671 4013 47
686 3953 1133 4025 ἐκθεοάμεθαθλέκθεοάμενοιΡ
1148 3958 1152 4024 Ι
1168 3953 1376 4027 ῦεάφροοάνης
1393 3979 1410 4008 ι
1427 3979 1451 4024 ι,

140 4043 224 4098 Schw
249 4045 253 4106 Ι
277 4043 352 4112 (καί)
370 4042 417 4096 Ma
441 4043 445 4109 Ι
469 4041 509 4096 57
528 4037 750 4110 ἐπαλειφάιμεθα
769 4041 789 4092 F
807 4036 1024 4110 ἐπαλειφόμεθα
1042 4041 1092 4095 ΡΜ
1118 4043 1121 4108 Ι
1146 4039 1265 4111 θηρὸς]
1284 4035 1318 4094 δι’
1337 4040 1425 4110 Heyse
1447 4043 1448 4082 Ι

142 4128 180 4182 16
198 4129 336 4194 (μᾶλλον>
356 4125 422 4180 oder
439 4117 506 4196 <οάχ
526 4121 624 4196 ἧττον)
642 4123 658 4194 6
677 4123 755 4178 Sohw
770 4127 774 4190 Ι
789 4123 891 4196 τρυφή]
914 4127 1007 4195 τροφή
1026 4125 1062 4193 Sy
1078 4127 1082 4192 Ι
1101 4125 1137 4180 18
1156 4121 1182 4193 6]
1201 4132 1233 4189 ·Ι-
1251 4122 1281 4178 6
1300 4124 1368 4178 iiber
1385 4124 1410 4180 d.
1424 4126 1450 4178 Z.

141 4211 176 4264 Ρ2
195 4209 243 4277 (im
261 4209 331 4263 Text
348 4209 409 4277 ΡΜ)
425 4210 429 4276 Ι
445 4211 481 4264 21
503 4207 734 4278 ἐκμανθάνομεν]
755 4215 787 4272 -Ι-
807 4213 910 4264 τοῦτον
931 4206 958 4264 εί
972 4211 1021 4263 καί
1033 4227 1078 4263 am
1090 4209 1169 4263 Rand
1180 4209 1217 4262 Ρ2
1230 4209 1276 4275 (im
1289 4209 1359 4262 Text
1370 4207 1430 4274 ΡΜΙ
1447 4209 1451 4276 Ι

141 4294 203 4350 217
218 4289 441 4362 ἐξομοιοῦμενον
460 4295 496 4362 Sy
511 4295 515 4362 Ι
531 4295 570 4349 22
590 4294 660 4365 θεῷ]
679 4301 711 4358 ·Ι-
731 4288 784 4348 οάκ
801 4291 842 4358 είς
858 4289 1008 4360 ἐκμέλειαν
1032 4295 1080 4349 καί
1106 4289 1251 4367 ῥᾳθυμίαν
1273 4300 1450 4364 μεταχωρεῖν

141 4381 183 4433 δεῖ
204 4395 249 4431 am
267 4376 347 4432 θεοῦ
364 4377 402 4431 P²
419 4378 467 4444 (im
485 4377 556 4432 Text
572 4378 634 4443 ΡΜΙ
649 4379 653 4446 Ι
670 4378 735 4434 247
759 4373 835 4433 ἐστίν
859 4377 977 4447 γενναία
1000 4376 1021 4430 Ρ
1048 4373 1125 4431 ἐστίν
1151 4395 1183 4446 γε
1211 4375 1261 4431 νέα
1279 4377 1359 4430 Pssorr
1376 4375 1450 4433 ἐστὶν

141 4460 226 4532 γενεὰ
245 4456 281 4518 άν
299 4479 332 4514 w.
345 4478 369 4516 ο.
382 4463 437 4517 sch.
456 4462 494 4514 P*
512 4460 588 4518 ἐστίν
606 4461 728 4532 γενέαΜ
743 4465 747 4529 Ι
764 4463 802 4518 2θ
819 4459 1032 4534 πεπαιδευμένῳ
1049 4462 1128 4515 Schw
1144 4463 1149 4528 Ι
1165 4461 1202 4518 27
1224 4458 1314 4528 σεμνά
1327 4461 1365 4514 Ρ*
1380 4465 1384 4528 Ι
1400 4479 1450 4517 πο-

142 4547 204 4616 ρεία
229 4547 345 4616 (πορεῖα
363 4545 420 4615 Ρ*Ι]
439 4553 471 4611 -Ι-
489 4565 521 4603 τε
539 4549 575 4616 Sy
599 4547 603 4613 Ι
626 4545 804 4611 κατάκλειοις
821 4547 858 4600 Ρ*
874 4549 878 4614 Ι
894 4545 959 4602 287
982 4543 1078 4600 τοιάδε
1101 4542 1197 4616 ἀγωγὴ
1215 4545 1359 4598 FPcorrM²
1384 4563 1449 4600 τοια

142 4632 265 4701 διαγωγὴ
283 4629 322 4684 Ρ*
340 4628 435 4686 τοιάδε
452 4632 567 4703 ταγωγιΙ
586 4632 631 4684 Μ*
646 4635 651 4698 Ι
667 4632 703 4687 θλ
724 4629 823 4699 δὲτὴν
842 4633 867 4700 (t
884 4629 914 4683 in
931 4629 1003 4698 Ras.)
1021 4629 1044 4682 Ρ
