3510 5474
294 455 354 517 230
880 446 1014 502 Clemens.

296 606 491 698 ἀναγκαίων
512 616 628 696 χρείαν
649 607 693 679 τά
716 603 898 695 εὐπόριστα
919 612 1174 697 μεταδιωκτέυν
1203 606 1314 696 μακρά
1336 625 1408 688 τοις
1430 626 1606 694 περιττοῖς

295 707 432 790 τούτοις
452 715 580 797 χαίρειν
601 705 777 795 φράσασιν.
820 704 975 781 καθόλου
995 715 1057 797 μὲν
1078 701 1140 779 οὖν
1162 706 1204 778 τά
1225 705 1345 794 κόσμια
1368 704 1484 794 ὥσπερ
1507 724 1640 794 πυρα-2

294 806 415 896 κόσμια
437 805 749 897 άποσκορακιστέον
771 803 858 882 όλον
878 815 934 880 καὶ
949 805 1056 880 αύτόν
1077 813 1360 896 παραιτουμένοις
1381 805 1446 878 τόν
1467 803 1606 896 κόσμον.

294 907 357 998 χρὴ
379 908 442 997 γὰρ
465 909 550 980 είναι
572 915 712 998 κοσμίας
734 911 878 980 ἔνδοθεν
899 915 954 979 καί
977 907 1041 998 τὴν
1062 909 1128 978 ἔσω
1143 925 1282 996 γυναῖκα
1298 905 1469 978 δεικνύναι
1483 903 1606 995 καλήν·

260 1012 332 1080 δέν
352 1006 440 1096 μόνη
471 1007 534 1098 γὰρ
565 1015 608 1096 τῇ
638 1015 729 1097 ψυχῇ
760 1015 1007 1096 καταφαίνεται
1036 1015 1093 1078 καὶ
1123 1006 1165 1079 τό
1192 1003 1319 1090 κάλλος
1341 1013 1396 1078 καί
1418 1007 1460 1078 τὸ
1483 1009 1606 1095 αίσχος.

295 1107 424 1180 διὸκαὶ
446 1105 552 1197 μόνος
574 1102 593 1179 ό
615 1113 798 1191 σπουδαῖος
827 1105 931 1190 καλὸς
962 1105 1113 1197 κάγαθός
1145 1100 1258 1188 όντως
1287 1111 1388 1190 ἐστίν,
1418 1114 1475 1177 καὶ
1496 1102 1640 1195 μόνον3

296 1207 336 1280 τό
358 1207 464 1279 καλὸν
486 1204 621 1297 ἀγαθόν
643 1214 887 1297 δογματίζεται,

968 1337 988 1430 ἦ
1011 1347 1047 1413 δὲ
1068 1337 1172 1430 ἀρετὴ
1194 1336 1281 1431 μόνη

550 1449 605 1512 καὶ
628 1441 683 1514 διὰ
705 1447 811 1513 καλοῦ
833 1447 896 1512 τοῦ
918 1441 1076 1530 σώματος
1098 1447 1344 1526 καταφαίνεται

245 1595 278 1650 10
294 1583 349 1646 καί
381 1579 526 1646 ἐπανθεῖ
556 1582 598 1664 τῇ
628 1584 737 1662 σαρκί,
768 1573 810 1647 τὸ
841 1571 970 1663 οόραίον
992 1581 1053 1664 τῆς
1075 1573 1299 1663 σωφροσύνης
1322 1570 1521 1660 ἀξιέραστον
1543 1579 1606 1644 δει-

295 1671 451 1754 κνύουσα,
483 1668 568 1748 όταν
592 1678 698 1747 οίονεὶ
721 1681 845 1765 φέγγος
867 1673 1038 1765 ἐπιλάμπῃ
1071 1683 1114 1763 τῇ
1135 1681 1252 1763 μορφῇ
1275 1671 1315 1745 τὸ
1338 1666 1434 1762 ἦθος.
1477 1671 1520 1743 τό
1543 1672 1640 1762 γάρ4

296 1772 440 1846 ἑκάστου
461 1783 517 1846 καί
539 1781 651 1862 φυτοῦ
670 1781 727 1846 καὶ
751 1773 842 1864 ζῴου
863 1772 990 1858 κάλλος
1012 1779 1048 1846 ἐν
1070 1782 1113 1864 τῇ
1136 1770 1279 1845 ἑκάστου
1295 1767 1397 1862 ἀρετῇ
1421 1774 1507 1842 είναι
1529 1796 1606 1858 συμ-
1736 1809 1737 1814 ¹

294 1879 444 1964 βέβηκεν.
482 1871 674 1963 ἀνθρώπου
695 1879 731 1944 δὲ
754 1871 856 1964 ἀρετὴ
878 1873 1073 1964 δικαιοσύνη
1095 1880 1151 1944 καί
1173 1871 1374 1960 σωφροσύνη
1389 1879 1445 1942 καί
1468 1867 1606 1960 άνδρεία

295 1981 350 2044 καί
374 1970 527 2058 εύσέβεια.
570 1972 674 2056 καλός
704 1973 770 2061 ἄρα
792 1973 981 2062 ἄνθρωπος
1004 1969 1022 2044 ό
1046 1977 1173 2054 δίκαιος
1199 1979 1255 2043 καί
1278 1973 1430 2058 σώφρων
1451 1979 1508 2042 καί
1531 1980 1606 2042 συλ-
1736 2019 1737 2060 Ι

246 2094 278 2147 lb
296 2070 423 2163 λήβδην
445 2068 464 2146 ό
487 2071 627 2162 άγαθός,
649 2070 709 2162 ούχ
732 2069 936 2156 όπλούσιυς.
971 2069 1035 2163 ἤδη
1059 2077 1094 2144 δὲ
1109 2078 1163 2144 καὶ
1179 2074 1212 2143 οἱ
1226 2077 1435 2158 στρατιῶται
1454 2079 1459 2152 Ι
1477 2079 1605 2162 χρυσίῳ
1623 2082 1701 2139 244Ρ
1715 2063 1737 2133 ίί

295 2178 523 2262 κεκοσμῆσθαι
544 2173 739 2260 βούλονται,
762 2169 840 2245 ούδε
862 2177 970 2244 έκεῖνο
993 2166 1223 2263 ἀνεγνωκότες
1246 2171 1287 2242 τὸ
1309 2167 1500 2260 ποιητικόν,

507 2299 545 2388 ὃς
566 2313 621 2376 καὶ
642 2305 767 2395 χρυσὸν
789 2307 877 2395 έχων
898 2304 1053 2388 πόλεμον
1072 2313 1146 2376 κίεν
1167 2302 1248 2394 ἠύτε
1269 2302 1374 2394 κούρη

507 2414 619 2495 νηπίη.

297 2533 384 2608 άλλά
406 2535 469 2627 γάρ
485 2538 550 2628 τὴν
564 2545 625 2628 μὲν
641 2544 866 2626 φιλοκοσμίαν
880 2531 999 2626 ἥκιστα
1015 2534 1135 2626 ἀρετῆς
1150 2541 1424 2626 ἐπιμελουμένην,
1447 2539 1607 2628 σώματος
1625 2556 1701 2613 1221

245 2655 279 2711 20
297 2642 333 2708 δέ
356 2633 650 2728 άντιποιουμένην,
673 2641 902 2726 έκτραπέντος
925 2643 988 2707 τοῦ
1010 2633 1201 2724 φιλοκάλου
1220 2643 1297 2724 περὶ
1318 2635 1382 2726 τὴν
1396 2643 1606 2725 κενοδοξίαν,

297 2735 404 2825 άρδην
434 2741 622 2826 έκβλητέον.
665 2736 708 2808 τὰ
739 2735 801 2826 γὰρ
830 2734 875 2825 μὴ
907 2740 1012 2807 οίκεια
1042 2741 1092 2825 τῷ
1124 2737 1256 2822 σώματι
1284 2733 1331 2818 σός
1353 2741 1459 2808 οίκεῑα
1480 2735 1606 2826 προσά-

295 2859 427 2908 πτουσα
448 2843 592 2926 μελέτην
615 2843 678 2908 τοῦ
700 2834 883 2922 ψεύδεσθαι
905 2843 960 2906 καὶ
976 2833 1057 2919 ἔθος
1071 2832 1204 2926 άπάτης
1219 2840 1440 2925 ένεγέννησεν,
1464 2829 1542 2908 ούτι
1564 2837 1605 2909 τό

296 2933 420 3026 σεμνόν
450 2944 505 3008 καί
538 2935 716 3008 ἄπλαστον
746 2941 800 3006 καί
833 2933 958 3025 νήπιον
988 2933 1036 3020 οός
1067 2933 1220 3025 άληθῶς,
1252 2932 1292 3006 τό
1324 2933 1469 3022 σοβαρὸν
1491 2942 1604 3008 δὲκαὶ

295 3034 489 3122 θρυπτικόν
510 3042 565 3107 καὶ
581 3032 797 3125 άβροδίαιτυν
813 3043 988 3123 φαίνουσα.
1033 3041 1069 3106 αἳ
1088 3041 1124 3106 δὲ
1146 3033 1329 3126 άμαυροῦσι
1352 3035 1392 3106 τό
1414 3033 1541 3120 κάλλος
1563 3037 1638 3109 τό2
1736 3029 1737 3034 ¹

244 3155 277 3209 25
295 3128 465 3223 άληθινόν
485 3133 737 3222 έπισκιάζουσαι
757 3142 893 3225 χρυσίῳ,
924 3141 979 3205 καί
1010 3131 1072 3206 ούκ
1094 3139 1181 3207 ίσασι
1212 3137 1252 3206 τὸ
1284 3140 1507 3225 πλημμέλημα
1529 3135 1606 3209 οίόν

295 3238 373 3318 ἐστι,
396 3234 496 3321 δεσμά
520 3236 651 3318 ἑαυταῖς
672 3246 862 3325 περιθεῑσαι
883 3233 1029 3306 πλούσια
1050 3239 1158 3325 μυρία,
1181 3231 1337 3324 καθάπερ
1359 3241 1415 3304 καί

893 3368 985 3456 παρὰ
1008 3388 1080 3451 τοις
1102 3365 1281 3456 βαρβάροις

577 3476 680 3554 φασὶν
702 3473 857 3539 δεδέσθαι
879 3468 959 3550 τοὺς
980 3467 1189 3558 κακούργους
1210 3477 1344 3558 χρυσίῳ.

297 3597 442 3680 τούτους
471 3602 676 3702 ἐζηλωκέναι
706 3609 843 3674 δοκοῦσί
873 3630 930 3692 μοι
961 3603 994 3672 αί
1024 3619 1178 3692 γυναῖκες
1208 3601 1289 3683 τούς
1320 3600 1494 3688 δεσμιότας
1525 3603 1637 3686 τούς3

245 3717 279 3772 30
296 3707 488 3782 πλουσίους.
532 3699 637 3790 ι’γγάρ
669 3697 741 3790 ούχί
771 3701 887 3785 κλοιὸς
919 3700 959 3772 τὸ
990 3707 1136 3790 χρυσοῦν
1158 3705 1228 3772 ἐστι
1250 3707 1465 3788 περιδέραιον
1494 3707 1605 3774 καλοί

380 3937 425 3994 81
440 3937 507 3993 ΟΑΡ
520 3938 557 3990 III
574 3955 599 4008 p.
612 3938 663 3993 486
675 3938 775 4009 Adosp.
787 3939 838 3994 412
856 3969 889 3978 -
909 3939 1022 3996 11—18
1041 3939 1096 4009 νηί.
1114 3937 1228 4010 Ερίίιίείι
1241 3939 1344 4006 1111,6
1362 3968 1395 3977 -
1414 3939 1479 3996 111
1494 3941 1519 3994 B
1534 3941 1608 3996 872f

295 4053 328 4060 -
348 4023 412 4081 w
428 4023 495 4078 ΘΑΓ
513 4024 552 4077 ΙΙΙ
569 4041 595 4093 p.
613 4023 664 4078 486
682 4021 781 4095 Adesp.
798 4025 863 4088 413;
881 4023 936 4093 vgl.
956 4023 1055 4080 Herod.
1068 4024 1107 4078 III
1120 4025 1167 4087 23;
1185 4024 1257 4078 Plut.
1270 4023 1338 4078 Mor.
1351 4041 1377 4094 p.
1391 4025 1440 4080 753
1453 4027 1477 4077 A
1492 4023 1605 4091 (Wand-

295 4106 364 4162 land
381 4107 491 4173 Quaest.
509 4109 579 4164 Mus.
597 4126 622 4180 p.
640 4109 696 4178 57);
715 4111 809 4178 Αμοείι
829 4108 919 4163 XVIII
931 4111 963 4162 41
977 4109 1015 4172 K;
1033 4111 1128 4163 Arsen.
1146 4107 1218 4164 Viol.
1237 4125 1262 4179 p.
1274 4108 1326 4163 478
1343 4106 1424 4162 Walz
1446 4107 1606 4177 (00b0t426

297 4191 360 4246 halt
377 4192 421 4247 die
439 4193 537 4250 Worte
555 4194 607 4248 mit
625 4191 747 4248 Unreeht
764 4193 810 4248 fflr
827 4192 922 4260 Ρτοεε)

385 4395 402 4448 2
421 4395 531 4466 χαίρειν
550 4395 578 4449 in
591 4396 653 4451 Bas.
666 4395 701 4449 Ρι
716 4399 720 4464 Ι
737 4397 755 4452 3
774 4391 842 4451 ὅλον
860 4395 886 4464 (ν
904 4393 933 4448 in
949 4395 1022 4460 Rus.)
1035 4393 1070 4446 P¹
1086 4394 1090 4460 Ι
1105 4393 1124 4448 4
1142 4395 1192 4462 τὴν
1211 4387 1266 4448 ἔσω
1279 4393 1314 4446 P³
1331 4393 1384 4462 τιΙν
1401 4397 1459 4448 τῶν
1478 4385 1534 4448 ἔσω
1547 4393 1586 4446 Ρ*
1600 4396 1604 4462 Ι

298 4476 315 4530 ὅ
333 4480 540 4546 καταφαίνεται
558 4478 676 4535 Ηδεοίιολ
693 4481 924 4552 καταφαίνεσθαι
943 4479 984 4546 ΡΙ
1002 4479 1017 4535 ί
1038 4475 1152 4547 ἀγαθὸν
1169 4475 1260 4533 καλὸν
1271 4477 1361 4546 Ηεγεο
1376 4478 1382 4546 Ι
1396 4478 1416 4532 θ
1434 4480 1525 4533 καλοῦ
1542 4477 1604 4548 τοῦ]

298 4562 421 4616 παλαιοῦ
433 4562 519 4626 Koek,
539 4563 651 4620 Hermes
663 4567 695 4620 21
709 4565 797 4634 (1886)
810 4565 835 4618 S.
848 4563 899 4621 378
916 4562 1062 4620 καλύπτον
1074 4563 1166 4631 Apelt,
1186 4561 1456 4632 Gymnaaialfflrogr.
1471 4560 1607 4624 Eisenach

298 4643 354 4699 Ost.
375 4647 438 4700 1901
458 4647 483 4700 S.
497 4649 530 4702 24
545 4651 549 4717 Ι
564 4650 741 4712 διαφαίνεται
759 4650 837 4706 Koch
853 4651 856 4718 Ι
873 4649 912 4704 22
932 4645 1080 4719 ἐγέννησεν
1099 4647 1120 4700 F
1135 4651 1139 4713 Ι
1156 4647 1195 4703 28
1213 4649 1284 4715 φασί
1301 4647 1323 4701 Ρ
