<?xml version="1.0" encoding="UTF-8"?>
<!DOCTYPE html PUBLIC "-//W3C//DTD XHTML 1.0 Transitional//EN"
    "http://www.w3.org/TR/xhtml1/DTD/xhtml1-transitional.dtd">
<html xmlns="http://www.w3.org/1999/xhtml" xml:lang="en" lang="en">
 <head>
  <title>
</title>
<meta http-equiv="Content-Type" content="text/html;charset=utf-8" />
  <meta name='ocr-system' content='tesseract 3.04.00' />
  <meta name='ocr-capabilities' content='ocr_page ocr_carea ocr_par ocr_line ocrx_word'/>
</head>
<body>
  <div class='ocr_page' id='page_1' title='image "./diegriechischen04unkngoog/diegriechischen04unkngoog_0023.png"; bbox 0 0 3562 5468; ppageno 0'>
   <div class='ocr_carea' id='block_1_1' title="bbox 780 411 1534 484">
    <p class='ocr_par' dir='ltr' id='par_1_1' title="bbox 780 411 1534 484">
     <span class='ocr_line' id='line_1_1' title="bbox 780 411 1534 484; baseline -0.001 -20"><span class='ocrx_word' id='word_1_1' title='bbox 780 417 813 464; x_wconf 75' lang='lat' dir='ltr'><em>A.</em></span> <span class='ocrx_word' id='word_1_2' title='bbox 831 412 988 484; x_wconf 75' lang='lat' dir='ltr'>Zeugnisse.</span> <span class='ocrx_word' id='word_1_3' title='bbox 1485 411 1534 464; x_wconf 74' lang='lat' dir='ltr'><em>XV</em></span> 
     </span>
    </p>
   </div>
   <div class='ocr_carea' id='block_1_2' title="bbox 222 568 1538 4650">
    <p class='ocr_par' dir='ltr' id='par_1_2' title="bbox 222 568 1538 4650">
     <span class='ocr_line' id='line_1_2' title="bbox 223 568 1535 665; baseline -0.002 -20"><span class='ocrx_word' id='word_1_4' title='bbox 223 573 437 664; x_wconf 73' lang='grc' dir='ltr'><strong><em>ἐποιήθησαν</em></strong></span> <span class='ocrx_word' id='word_1_5' title='bbox 468 581 504 644; x_wconf 83' lang='grc' dir='ltr'><em>δὲ</em></span> <span class='ocrx_word' id='word_1_6' title='bbox 534 571 628 664; x_wconf 83' lang='grc' dir='ltr'><em>αύτῷ</em></span> <span class='ocrx_word' id='word_1_7' title='bbox 661 579 693 644; x_wconf 83' lang='grc' dir='ltr'><em>αί</em></span> <span class='ocrx_word' id='word_1_8' title='bbox 725 571 916 665; x_wconf 87' lang='grc' dir='ltr'><em>βλάσφημοι</em></span> <span class='ocrx_word' id='word_1_9' title='bbox 948 568 1047 647; x_wconf 76' lang='grc' dir='ltr'><em>αὗται</em></span> <span class='ocrx_word' id='word_1_10' title='bbox 1078 582 1312 662; x_wconf 86' lang='grc' dir='ltr'><em>τερατολογίαι</em></span> <span class='ocrx_word' id='word_1_11' title='bbox 1344 577 1380 643; x_wconf 90' lang='grc' dir='ltr'><em>ἐν</em></span> <span class='ocrx_word' id='word_1_12' title='bbox 1417 571 1535 661; x_wconf 78' lang='grc' dir='ltr'><em>τόμοις</em></span> 
     </span>
     <span class='ocr_line' id='line_1_3' title="bbox 223 669 1535 762; baseline -0.001 -19"><span class='ocrx_word' id='word_1_13' title='bbox 223 671 327 745; x_wconf 79' lang='grc' dir='ltr'><em>ἀκταί.</em></span> <span class='ocrx_word' id='word_1_14' title='bbox 370 681 458 762; x_wconf 87' lang='grc' dir='ltr'><em>λέγει</em></span> <span class='ocrx_word' id='word_1_15' title='bbox 479 680 515 745; x_wconf 79' lang='grc' dir='ltr'><em>δὲ</em></span> <span class='ocrx_word' id='word_1_16' title='bbox 537 682 593 746; x_wconf 91' lang='grc' dir='ltr'><em>καὶ</em></span> <span class='ocrx_word' id='word_1_17' title='bbox 615 682 691 762; x_wconf 89' lang='grc' dir='ltr'><em>περὶ</em></span> <span class='ocrx_word' id='word_1_18' title='bbox 722 682 797 744; x_wconf 82' lang='grc' dir='ltr'><em>’τῶν</em></span> <span class='ocrx_word' id='word_1_19' title='bbox 827 674 944 746; x_wconf 77' lang='grc' dir='ltr'><em>αὐτῶν</em></span> <span class='ocrx_word' id='word_1_20' title='bbox 973 673 1154 756; x_wconf 77' lang='grc' dir='ltr'><em>πολλάκις,</em></span> <span class='ocrx_word' id='word_1_21' title='bbox 1187 683 1242 744; x_wconf 83' lang='grc' dir='ltr'><em>καί</em></span> <span class='ocrx_word' id='word_1_22' title='bbox 1274 669 1449 762; x_wconf 77' lang='grc' dir='ltr'><em>σποράδην</em></span> <span class='ocrx_word' id='word_1_23' title='bbox 1479 681 1535 744; x_wconf 88' lang='grc' dir='ltr'><em>καὶ</em></span> 
     </span>
     <span class='ocr_line' id='line_1_4' title="bbox 224 767 1535 864; baseline -0.002 -20"><span class='ocrx_word' id='word_1_24' title='bbox 224 781 476 862; x_wconf 75' lang='grc' dir='ltr'><strong><em>συγκεχυμένως</em></strong></span> <span class='ocrx_word' id='word_1_25' title='bbox 498 771 613 862; x_wconf 77' lang='grc' dir='ltr'><em>ὥσπερ</em></span> <span class='ocrx_word' id='word_1_26' title='bbox 636 777 829 863; x_wconf 78' lang='grc' dir='ltr'><em>ἔμπληκτος</em></span> <span class='ocrx_word' id='word_1_27' title='bbox 851 773 996 864; x_wconf 79' lang='grc' dir='ltr'><em>παράγει</em></span> <span class='ocrx_word' id='word_1_28' title='bbox 1019 774 1061 846; x_wconf 88' lang='grc' dir='ltr'><em>τό</em></span> <span class='ocrx_word' id='word_1_29' title='bbox 1077 772 1172 863; x_wconf 78' lang='grc' dir='ltr'><em>ῥητά.</em></span> <span class='ocrx_word' id='word_1_30' title='bbox 1204 769 1223 844; x_wconf 90' lang='lat'><em>6</em></span> <span class='ocrx_word' id='word_1_31' title='bbox 1247 779 1281 844; x_wconf 75' lang='grc' dir='ltr'><em>δὲ</em></span> <span class='ocrx_word' id='word_1_32' title='bbox 1304 767 1384 854; x_wconf 62' lang='lat'><em>360„-</em></span> <span class='ocrx_word' id='word_1_33' title='bbox 1407 772 1535 854; x_wconf 77' lang='grc' dir='ltr'><em>σκοπός</em></span> 
     </span>
     <span class='ocr_line' id='line_1_5' title="bbox 224 871 1533 963; baseline -0.002 -19"><span class='ocrx_word' id='word_1_34' title='bbox 224 871 345 944; x_wconf 85' lang='grc' dir='ltr'><em>ιόσανεί</em></span> <span class='ocrx_word' id='word_1_35' title='bbox 362 875 529 963; x_wconf 73' lang='grc' dir='ltr'>ἑρμηνεῖαι</span> <span class='ocrx_word' id='word_1_36' title='bbox 546 871 746 962; x_wconf 86' lang='grc' dir='ltr'><em>τιγχάνουσι</em></span> <span class='ocrx_word' id='word_1_37' title='bbox 761 881 822 963; x_wconf 85' lang='grc' dir='ltr'><em>τῆς</em></span> <span class='ocrx_word' id='word_1_38' title='bbox 839 883 872 944; x_wconf 86' lang='grc' dir='ltr'><strong><em>Γ</em></strong></span> <span class='ocrx_word' id='word_1_39' title='bbox 868 881 1017 956; x_wconf 90' lang='grc' dir='ltr'><em>ενέοεως,</em></span> <span class='ocrx_word' id='word_1_40' title='bbox 1038 881 1100 963; x_wconf 81' lang='grc' dir='ltr'><em>τῆς</em></span> <span class='ocrx_word' id='word_1_41' title='bbox 1114 871 1259 960; x_wconf 72' lang='grc' dir='ltr'><em>Ἐξόδου,</em></span> <span class='ocrx_word' id='word_1_42' title='bbox 1284 879 1356 942; x_wconf 82' lang='grc' dir='ltr'><em>τῶν</em></span> <span class='ocrx_word' id='word_1_43' title='bbox 1377 879 1533 960; x_wconf 79' lang='grc' dir='ltr'><em>Ψαλμῶν,</em></span> 
     </span>
     <span class='ocr_line' id='line_1_6' title="bbox 225 971 1535 1045; baseline -0.002 -1"><span class='ocrx_word' id='word_1_44' title='bbox 225 983 288 1044; x_wconf 92' lang='grc' dir='ltr'><em>τοῦ</em></span> <span class='ocrx_word' id='word_1_45' title='bbox 323 982 422 1044; x_wconf 96' lang='grc' dir='ltr'><em>θείου</em></span> <span class='ocrx_word' id='word_1_46' title='bbox 452 971 590 1044; x_wconf 84' lang='grc' dir='ltr'><em>Παύλου</em></span> <span class='ocrx_word' id='word_1_47' title='bbox 625 981 700 1044; x_wconf 84' lang='grc' dir='ltr'><em>τῶν</em></span> <span class='ocrx_word' id='word_1_48' title='bbox 735 979 930 1045; x_wconf 76' lang='grc' dir='ltr'><em>ἐπιστολῶν</em></span> <span class='ocrx_word' id='word_1_49' title='bbox 964 981 1019 1044; x_wconf 91' lang='grc' dir='ltr'><em>καὶ</em></span> <span class='ocrx_word' id='word_1_50' title='bbox 1053 981 1126 1043; x_wconf 81' lang='grc' dir='ltr'><em>τῶν</em></span> <span class='ocrx_word' id='word_1_51' title='bbox 1157 979 1357 1042; x_wconf 81' lang='grc' dir='ltr'><em>καθολικῶν</em></span> <span class='ocrx_word' id='word_1_52' title='bbox 1386 980 1440 1041; x_wconf 84' lang='grc' dir='ltr'><em>καὶ</em></span> <span class='ocrx_word' id='word_1_53' title='bbox 1473 979 1535 1042; x_wconf 83' lang='grc' dir='ltr'><em>τοῦ</em></span> 
     </span>
     <span class='ocr_line' id='line_1_7' title="bbox 222 1071 1535 1162; baseline -0.004 -18"><span class='ocrx_word' id='word_1_54' title='bbox 222 1071 491 1162; x_wconf 81' lang='grc' dir='ltr'><em>Ἐκκλησιαστοῦ.</em></span> <span class='ocrx_word' id='word_1_55' title='bbox 532 1072 692 1162; x_wconf 85' lang='grc' dir='ltr'><em>μαθητής</em></span> <span class='ocrx_word' id='word_1_56' title='bbox 713 1078 762 1156; x_wconf 91' lang='grc' dir='ltr'><em>δέ,</em></span> <span class='ocrx_word' id='word_1_57' title='bbox 791 1071 839 1153; x_wconf 77' lang='grc' dir='ltr'><em>οός</em></span> <span class='ocrx_word' id='word_1_58' title='bbox 860 1081 915 1144; x_wconf 90' lang='grc' dir='ltr'><em>καὶ</em></span> <span class='ocrx_word' id='word_1_59' title='bbox 939 1071 1041 1155; x_wconf 83' lang='grc' dir='ltr'><em>αύτύς</em></span> <span class='ocrx_word' id='word_1_60' title='bbox 1064 1097 1161 1160; x_wconf 90' lang='grc' dir='ltr'><em>φησι,</em></span> <span class='ocrx_word' id='word_1_61' title='bbox 1193 1078 1309 1160; x_wconf 88' lang='grc' dir='ltr'><em>γέγονε</em></span> <span class='ocrx_word' id='word_1_62' title='bbox 1332 1077 1535 1142; x_wconf 76' lang='grc' dir='ltr'><em>Πανταίνοα</em></span> 
     </span>
     <span class='ocr_line' id='line_1_8' title="bbox 224 1169 1536 1262; baseline -0.004 -18"><span class='ocrx_word' id='word_1_63' title='bbox 224 1171 312 1245; x_wconf 87' lang='grc' dir='ltr'><em>ἀλλά</em></span> <span class='ocrx_word' id='word_1_64' title='bbox 343 1180 452 1245; x_wconf 91' lang='grc' dir='ltr'><em>ταῦτα</em></span> <span class='ocrx_word' id='word_1_65' title='bbox 479 1179 541 1262; x_wconf 78' lang='grc' dir='ltr'><em>μὲν</em></span> <span class='ocrx_word' id='word_1_66' title='bbox 568 1177 601 1243; x_wconf 84' lang='grc' dir='ltr'><em>αἱ</em></span> <span class='ocrx_word' id='word_1_67' title='bbox 622 1169 881 1255; x_wconf 76' lang='grc' dir='ltr'><em>Ὑποτυποίσεις.</em></span> <span class='ocrx_word' id='word_1_68' title='bbox 927 1186 993 1244; x_wconf 89' lang='grc'><strong>1111.</strong></span> <span class='ocrx_word' id='word_1_69' title='bbox 1023 1169 1056 1242; x_wconf 89' lang='grc' dir='ltr'><strong><em>Ὁ</em></strong></span> <span class='ocrx_word' id='word_1_70' title='bbox 1078 1179 1112 1242; x_wconf 80' lang='grc' dir='ltr'><em>δὲ</em></span> <span class='ocrx_word' id='word_1_71' title='bbox 1133 1170 1350 1261; x_wconf 86' lang='grc' dir='ltr'><em>Παιδαγωγός</em></span> <span class='ocrx_word' id='word_1_72' title='bbox 1381 1175 1419 1240; x_wconf 80' lang='grc' dir='ltr'><em>ἐν</em></span> <span class='ocrx_word' id='word_1_73' title='bbox 1449 1179 1536 1256; x_wconf 86' lang='grc' dir='ltr'><em>τρισὶ</em></span> 
     </span>
     <span class='ocr_line' id='line_1_9' title="bbox 224 1269 1535 1362; baseline -0.002 -19"><span class='ocrx_word' id='word_1_74' title='bbox 224 1270 342 1362; x_wconf 88' lang='grc' dir='ltr'><em>τόμοις</em></span> <span class='ocrx_word' id='word_1_75' title='bbox 363 1277 456 1342; x_wconf 81' lang='grc' dir='ltr'><em>ἐστὶν</em></span> <span class='ocrx_word' id='word_1_76' title='bbox 478 1269 574 1360; x_wconf 80' lang='grc' dir='ltr'><em>αύτῷ</em></span> <span class='ocrx_word' id='word_1_77' title='bbox 596 1278 902 1360; x_wconf 78' lang='grc' dir='ltr'><em>διαπεπονημένος,</em></span> <span class='ocrx_word' id='word_1_78' title='bbox 933 1269 1041 1361; x_wconf 80' lang='grc' dir='ltr'><em>ἤθους</em></span> <span class='ocrx_word' id='word_1_79' title='bbox 1071 1279 1126 1343; x_wconf 85' lang='grc' dir='ltr'><em>καὶ</em></span> <span class='ocrx_word' id='word_1_80' title='bbox 1160 1281 1235 1356; x_wconf 91' lang='grc' dir='ltr'><em>βίου</em></span> <span class='ocrx_word' id='word_1_81' title='bbox 1266 1269 1535 1359; x_wconf 88' lang='grc' dir='ltr'><em>κατορθωτικός.</em></span> 
     </span>
     <span class='ocr_line' id='line_1_10' title="bbox 223 1369 1534 1461; baseline -0.002 -19"><span class='ocrx_word' id='word_1_82' title='bbox 223 1376 289 1460; x_wconf 74' lang='grc' dir='ltr'><em>ἔχει</em></span> <span class='ocrx_word' id='word_1_83' title='bbox 311 1377 346 1442; x_wconf 80' lang='grc' dir='ltr'><em>δὲ</em></span> <span class='ocrx_word' id='word_1_84' title='bbox 369 1370 506 1442; x_wconf 90' lang='grc' dir='ltr'><em>τούτων</em></span> <span class='ocrx_word' id='word_1_85' title='bbox 527 1379 583 1442; x_wconf 84' lang='grc' dir='ltr'><em>καὶ</em></span> <span class='ocrx_word' id='word_1_86' title='bbox 604 1370 863 1460; x_wconf 73' lang='grc' dir='ltr'><em>προηγούμενον</em></span> <span class='ocrx_word' id='word_1_87' title='bbox 889 1379 944 1442; x_wconf 89' lang='grc' dir='ltr'><em>καὶ</em></span> <span class='ocrx_word' id='word_1_88' title='bbox 971 1369 1251 1461; x_wconf 77' lang='grc' dir='ltr'><em>συνταττόμενον</em></span> <span class='ocrx_word' id='word_1_89' title='bbox 1277 1369 1381 1458; x_wconf 86' lang='grc' dir='ltr'><em>λόγον</em></span> <span class='ocrx_word' id='word_1_90' title='bbox 1409 1370 1534 1456; x_wconf 71' lang='grc' dir='ltr'><em>ἕτερον,</em></span> 
     </span>
     <span class='ocr_line' id='line_1_11' title="bbox 224 1463 1535 1560; baseline -0.001 -19"><span class='ocrx_word' id='word_1_91' title='bbox 224 1477 261 1541; x_wconf 83' lang='grc' dir='ltr'><em>έν</em></span> <span class='ocrx_word' id='word_1_92' title='bbox 283 1463 312 1560; x_wconf 78' lang='grc' dir='ltr'><strong><em>ᾧ</em></strong></span> <span class='ocrx_word' id='word_1_93' title='bbox 336 1470 400 1559; x_wconf 86' lang='grc' dir='ltr'><em>τὴν</em></span> <span class='ocrx_word' id='word_1_94' title='bbox 414 1467 590 1560; x_wconf 82' lang='grc' dir='ltr'><em>Ἑλλήνων</em></span> <span class='ocrx_word' id='word_1_95' title='bbox 611 1477 770 1560; x_wconf 80' lang='grc' dir='ltr'><em>διελέγχει</em></span> <span class='ocrx_word' id='word_1_96' title='bbox 794 1467 977 1560; x_wconf 86' lang='grc' dir='ltr'><em>ἀθεότητα.</em></span> <span class='ocrx_word' id='word_1_97' title='bbox 1009 1469 1108 1544; x_wconf 80' lang='grc' dir='ltr'><em>οῦδὲν</em></span> <span class='ocrx_word' id='word_1_98' title='bbox 1130 1477 1165 1542; x_wconf 78' lang='grc' dir='ltr'><em>δὲ</em></span> <span class='ocrx_word' id='word_1_99' title='bbox 1188 1464 1308 1558; x_wconf 85' lang='grc' dir='ltr'><em>όμοιον</em></span> <span class='ocrx_word' id='word_1_100' title='bbox 1325 1473 1434 1556; x_wconf 80' lang='grc' dir='ltr'><em>ἔχουσι</em></span> <span class='ocrx_word' id='word_1_101' title='bbox 1449 1470 1535 1558; x_wconf 83' lang='grc' dir='ltr'><em>πρός</em></span> 
     </span>
     <span class='ocr_line' id='line_1_12' title="bbox 224 1562 1534 1660; baseline -0.003 -20"><span class='ocrx_word' id='word_1_102' title='bbox 224 1571 284 1652; x_wconf 89' lang='grc' dir='ltr'><em>τός</em></span> <span class='ocrx_word' id='word_1_103' title='bbox 305 1567 558 1653; x_wconf 69' lang='grc' dir='ltr'><em>Ὑποτυποόσεις</em></span> <span class='ocrx_word' id='word_1_104' title='bbox 581 1562 679 1642; x_wconf 87' lang='grc' dir='ltr'><em>οῦτοι</em></span> <span class='ocrx_word' id='word_1_105' title='bbox 700 1574 732 1640; x_wconf 76' lang='grc' dir='ltr'><em>οἱ</em></span> <span class='ocrx_word' id='word_1_106' title='bbox 756 1567 863 1658; x_wconf 83' lang='grc' dir='ltr'><em>λόγοι·</em></span> <span class='ocrx_word' id='word_1_107' title='bbox 896 1581 969 1643; x_wconf 87' lang='grc' dir='ltr'><em>τιῦν</em></span> <span class='ocrx_word' id='word_1_108' title='bbox 991 1602 1028 1642; x_wconf 88' lang='grc' dir='ltr'><em>τε</em></span> <span class='ocrx_word' id='word_1_109' title='bbox 1051 1571 1113 1660; x_wconf 83' lang='grc' dir='ltr'><em>γάρ</em></span> <span class='ocrx_word' id='word_1_110' title='bbox 1134 1577 1289 1660; x_wconf 86' lang='grc' dir='ltr'><em>ματαίων</em></span> <span class='ocrx_word' id='word_1_111' title='bbox 1310 1575 1364 1640; x_wconf 82' lang='grc' dir='ltr'><em>καί</em></span> <span class='ocrx_word' id='word_1_112' title='bbox 1387 1566 1534 1657; x_wconf 86' lang='grc' dir='ltr'><em>βλασφή·</em></span> 
     </span>
     <span class='ocr_line' id='line_1_13' title="bbox 223 1664 1534 1760; baseline -0.002 -19"><span class='ocrx_word' id='word_1_113' title='bbox 223 1700 301 1758; x_wconf 89' lang='grc' dir='ltr'><em>μων</em></span> <span class='ocrx_word' id='word_1_114' title='bbox 321 1665 576 1760; x_wconf 73' lang='grc' dir='ltr'><em>ἀπηλλαγμένοι</em></span> <span class='ocrx_word' id='word_1_115' title='bbox 599 1677 710 1756; x_wconf 78' lang='grc' dir='ltr'><em>δοξῶν</em></span> <span class='ocrx_word' id='word_1_116' title='bbox 732 1669 961 1760; x_wconf 68' lang='grc' dir='ltr'><em>καθεστήκασι</em></span> <span class='ocrx_word' id='word_1_117' title='bbox 982 1679 1038 1742; x_wconf 85' lang='grc' dir='ltr'><em>καὶ</em></span> <span class='ocrx_word' id='word_1_118' title='bbox 1061 1666 1081 1760; x_wconf 87' lang='grc' dir='ltr'><em>ή</em></span> <span class='ocrx_word' id='word_1_119' title='bbox 1104 1667 1225 1760; x_wconf 83' lang='grc' dir='ltr'><em>φράσις</em></span> <span class='ocrx_word' id='word_1_120' title='bbox 1251 1664 1386 1757; x_wconf 82' lang='grc' dir='ltr'><em>ἀνθηρὰ</em></span> <span class='ocrx_word' id='word_1_121' title='bbox 1411 1673 1465 1737; x_wconf 84' lang='grc' dir='ltr'><em>καί</em></span> <span class='ocrx_word' id='word_1_122' title='bbox 1488 1673 1534 1748; x_wconf 74' lang='grc' dir='ltr'><em>είς</em></span> 
     </span>
     <span class='ocr_line' id='line_1_14' title="bbox 225 1765 1534 1860; baseline -0.002 -21"><span class='ocrx_word' id='word_1_123' title='bbox 225 1765 329 1858; x_wconf 86' lang='grc' dir='ltr'><em>όγκον</em></span> <span class='ocrx_word' id='word_1_124' title='bbox 352 1767 486 1860; x_wconf 88' lang='grc' dir='ltr'><em>ήρμένη,</em></span> <span class='ocrx_word' id='word_1_125' title='bbox 509 1768 700 1859; x_wconf 87' lang='grc' dir='ltr'><em>σύμμετρον</em></span> <span class='ocrx_word' id='word_1_126' title='bbox 720 1771 804 1859; x_wconf 80' lang='grc' dir='ltr'><em>μετὰ</em></span> <span class='ocrx_word' id='word_1_127' title='bbox 828 1777 891 1841; x_wconf 89' lang='grc' dir='ltr'><em>τοῦ</em></span> <span class='ocrx_word' id='word_1_128' title='bbox 913 1767 1024 1859; x_wconf 86' lang='grc' dir='ltr'><em>ἡδέος,</em></span> <span class='ocrx_word' id='word_1_129' title='bbox 1055 1779 1111 1842; x_wconf 84' lang='grc' dir='ltr'><em>καὶ</em></span> <span class='ocrx_word' id='word_1_130' title='bbox 1138 1769 1157 1858; x_wconf 88' lang='grc' dir='ltr'><em>ή</em></span> <span class='ocrx_word' id='word_1_131' title='bbox 1184 1767 1396 1856; x_wconf 80' lang='grc' dir='ltr'><em>πολυμάθεια</em></span> <span class='ocrx_word' id='word_1_132' title='bbox 1418 1771 1534 1855; x_wconf 88' lang='grc' dir='ltr'><em>ἐμπρέ-</em></span> 
     </span>
     <span class='ocr_line' id='line_1_15' title="bbox 224 1865 1534 1960; baseline -0.002 -21"><span class='ocrx_word' id='word_1_133' title='bbox 224 1895 345 1941; x_wconf 87' lang='grc' dir='ltr'><em>πουσα.</em></span> <span class='ocrx_word' id='word_1_134' title='bbox 387 1869 591 1959; x_wconf 82' lang='grc' dir='ltr'><em>μνημονεύει</em></span> <span class='ocrx_word' id='word_1_135' title='bbox 613 1876 648 1942; x_wconf 83' lang='grc' dir='ltr'><em>δὲ</em></span> <span class='ocrx_word' id='word_1_136' title='bbox 670 1870 756 1960; x_wconf 89' lang='grc' dir='ltr'><em>πρός</em></span> <span class='ocrx_word' id='word_1_137' title='bbox 778 1877 829 1959; x_wconf 78' lang='grc' dir='ltr'><em>τῷ</em></span> <span class='ocrx_word' id='word_1_138' title='bbox 852 1877 943 1941; x_wconf 89' lang='grc' dir='ltr'><em>τέλει</em></span> <span class='ocrx_word' id='word_1_139' title='bbox 964 1879 1019 1940; x_wconf 85' lang='grc' dir='ltr'><em>καὶ</em></span> <span class='ocrx_word' id='word_1_140' title='bbox 1042 1877 1116 1958; x_wconf 88' lang='grc' dir='ltr'><em>περὶ</em></span> <span class='ocrx_word' id='word_1_141' title='bbox 1139 1865 1292 1941; x_wconf 83' lang='grc' dir='ltr'><em>εἰκόνων.</em></span> <span class='ocrx_word' id='word_1_142' title='bbox 1340 1881 1404 1938; x_wconf 93' lang='grc'><strong>111.</strong></span> <span class='ocrx_word' id='word_1_143' title='bbox 1438 1868 1534 1936; x_wconf 80' lang='grc' dir='ltr'><strong>01δέ</strong></span> 
     </span>
     <span class='ocr_line' id='line_1_16' title="bbox 224 1963 1532 2058; baseline -0.003 -19"><span class='ocrx_word' id='word_1_144' title='bbox 224 1979 447 2058; x_wconf 80' lang='grc' dir='ltr'><em>Στρωματεῑς</em></span> <span class='ocrx_word' id='word_1_145' title='bbox 478 1977 539 2040; x_wconf 92' lang='grc' dir='ltr'><em>είσι</em></span> <span class='ocrx_word' id='word_1_146' title='bbox 568 1975 630 2057; x_wconf 80' lang='grc' dir='ltr'><em>μὲν</em></span> <span class='ocrx_word' id='word_1_147' title='bbox 659 1977 714 2039; x_wconf 85' lang='grc' dir='ltr'><em>καὶ</em></span> <span class='ocrx_word' id='word_1_148' title='bbox 746 1965 843 2040; x_wconf 84' lang='grc' dir='ltr'><em>αύτοὶ</em></span> <span class='ocrx_word' id='word_1_149' title='bbox 870 1975 907 2040; x_wconf 87' lang='grc' dir='ltr'><em>ἐν</em></span> <span class='ocrx_word' id='word_1_150' title='bbox 930 1967 1022 2041; x_wconf 79' lang='grc' dir='ltr'><em>ύκταό</em></span> <span class='ocrx_word' id='word_1_151' title='bbox 1051 1966 1164 2058; x_wconf 90' lang='grc' dir='ltr'><em>λόγοις</em></span> <span class='ocrx_word' id='word_1_152' title='bbox 1186 1963 1264 2039; x_wconf 81' lang='grc' dir='ltr'><em>καθ’</em></span> <span class='ocrx_word' id='word_1_153' title='bbox 1286 1965 1458 2055; x_wconf 81' lang='grc' dir='ltr'><em>Ἑλλήνων</em></span> <span class='ocrx_word' id='word_1_154' title='bbox 1479 1973 1532 2035; x_wconf 76' lang='grc' dir='ltr'><em>καὶ</em></span> 
     </span>
     <span class='ocr_line' id='line_1_17' title="bbox 225 2061 1535 2160; baseline -0.005 -20"><span class='ocrx_word' id='word_1_155' title='bbox 225 2074 385 2158; x_wconf 73' lang='grc' dir='ltr'><em>αἱρέσεων</em></span> <span class='ocrx_word' id='word_1_156' title='bbox 409 2069 472 2140; x_wconf 90' lang='grc' dir='ltr'><em>τόν</em></span> <span class='ocrx_word' id='word_1_157' title='bbox 494 2067 614 2158; x_wconf 81' lang='grc' dir='ltr'><em>ἀγῶνα</em></span> <span class='ocrx_word' id='word_1_158' title='bbox 636 2075 914 2158; x_wconf 86' lang='grc' dir='ltr'><em>είσενηνεγμένοι,</em></span> <span class='ocrx_word' id='word_1_159' title='bbox 946 2067 1121 2160; x_wconf 83' lang='grc' dir='ltr'><em>σποράδην</em></span> <span class='ocrx_word' id='word_1_160' title='bbox 1142 2075 1178 2140; x_wconf 85' lang='grc' dir='ltr'><em>δέ</em></span> <span class='ocrx_word' id='word_1_161' title='bbox 1200 2075 1254 2138; x_wconf 85' lang='grc' dir='ltr'><em>καὶ</em></span> <span class='ocrx_word' id='word_1_162' title='bbox 1278 2065 1391 2153; x_wconf 81' lang='grc' dir='ltr'><em>δι’σπερ</em></span> <span class='ocrx_word' id='word_1_163' title='bbox 1415 2061 1475 2136; x_wconf 86' lang='grc' dir='ltr'><em>ούκ</em></span> <span class='ocrx_word' id='word_1_164' title='bbox 1498 2070 1535 2135; x_wconf 85' lang='grc' dir='ltr'><em>ἐν</em></span> 
     </span>
     <span class='ocr_line' id='line_1_18' title="bbox 223 2165 1535 2292; baseline -0.003 -54"><span class='ocrx_word' id='word_1_165' title='bbox 223 2166 314 2254; x_wconf 71' lang='grc' dir='ltr'><em>τάξει</em></span> <span class='ocrx_word' id='word_1_166' title='bbox 345 2169 410 2292; x_wconf 79' lang='grc' dir='ltr'><em>τήν</em></span> <span class='ocrx_word' id='word_1_167' title='bbox 443 2177 517 2240; x_wconf 86' lang='grc' dir='ltr'><em>τιῦν</em></span> <span class='ocrx_word' id='word_1_168' title='bbox 547 2177 745 2254; x_wconf 78' lang='grc' dir='ltr'><em>κεφαλαίων</em></span> <span class='ocrx_word' id='word_1_169' title='bbox 766 2167 965 2288; x_wconf 84' lang='grc' dir='ltr'><em>παράθεσιν</em></span> <span class='ocrx_word' id='word_1_170' title='bbox 987 2166 1167 2241; x_wconf 86' lang='grc' dir='ltr'><em>κάνταῦθα</em></span> <span class='ocrx_word' id='word_1_171' title='bbox 1192 2187 1353 2238; x_wconf 76' lang='grc' dir='ltr'><em>ποιεῖται,</em></span> <span class='ocrx_word' id='word_1_172' title='bbox 1384 2173 1440 2235; x_wconf 88' lang='grc' dir='ltr'><em>καὶ</em></span> <span class='ocrx_word' id='word_1_173' title='bbox 1471 2165 1535 2254; x_wconf 88' lang='grc' dir='ltr'><em>τήν</em></span> 
     </span>
     <span class='ocr_line' id='line_1_19' title="bbox 225 2263 1534 2359; baseline -0.002 -21"><span class='ocrx_word' id='word_1_174' title='bbox 225 2276 336 2339; x_wconf 82' lang='grc' dir='ltr'><em>αἰτίαν</em></span> <span class='ocrx_word' id='word_1_175' title='bbox 352 2267 466 2355; x_wconf 77' lang='grc' dir='ltr'><em>ὥσπερ</em></span> <span class='ocrx_word' id='word_1_176' title='bbox 482 2263 666 2350; x_wconf 83' lang='grc' dir='ltr'><em>ἀποδιδούς</em></span> <span class='ocrx_word' id='word_1_177' title='bbox 681 2273 718 2339; x_wconf 91' lang='grc' dir='ltr'><em>ἐν</em></span> <span class='ocrx_word' id='word_1_178' title='bbox 733 2275 783 2357; x_wconf 85' lang='grc' dir='ltr'><em>τῷ</em></span> <span class='ocrx_word' id='word_1_179' title='bbox 800 2276 888 2340; x_wconf 87' lang='grc' dir='ltr'><em>τέλει</em></span> <span class='ocrx_word' id='word_1_180' title='bbox 904 2299 967 2341; x_wconf 88' lang='grc' dir='ltr'><em>του</em></span> <span class='ocrx_word' id='word_1_181' title='bbox 952 2267 1125 2359; x_wconf 87' lang='grc' dir='ltr'><em>εβδόμου</em></span> <span class='ocrx_word' id='word_1_182' title='bbox 1149 2265 1262 2356; x_wconf 83' lang='grc' dir='ltr'><em>λόγου</em></span> <span class='ocrx_word' id='word_1_183' title='bbox 1275 2263 1391 2346; x_wconf 76' lang='grc' dir='ltr'><em>αὐταῖς</em></span> <span class='ocrx_word' id='word_1_184' title='bbox 1406 2271 1534 2350; x_wconf 77' lang='grc' dir='ltr'><em>λέξεσιν</em></span> 
     </span>
     <span class='ocr_line' id='line_1_20' title="bbox 225 2363 1535 2458; baseline -0.005 -20"><span class='ocrx_word' id='word_1_185' title='bbox 225 2363 337 2450; x_wconf 83' lang='grc' dir='ltr'><em>οῦτως</em></span> <span class='ocrx_word' id='word_1_186' title='bbox 359 2372 671 2455; x_wconf 71' lang='grc' dir='ltr'><em>λέγει(81τοω.1’11</em></span> <span class='ocrx_word' id='word_1_187' title='bbox 689 2375 760 2456; x_wconf 90' lang='grc'><strong>1111)</strong></span> <span class='ocrx_word' id='word_1_188' title='bbox 786 2368 942 2442; x_wconf 72' lang='grc' dir='ltr'><em>»τούτων</em></span> <span class='ocrx_word' id='word_1_189' title='bbox 966 2366 1043 2458; x_wconf 81' lang='grc' dir='ltr'><em>ημῖν</em></span> <span class='ocrx_word' id='word_1_190' title='bbox 1065 2373 1376 2457; x_wconf 87' lang='grc' dir='ltr'><em>προδιηνυσμένων,</em></span> <span class='ocrx_word' id='word_1_191' title='bbox 1399 2373 1454 2434; x_wconf 82' lang='grc' dir='ltr'><em>καί</em></span> <span class='ocrx_word' id='word_1_192' title='bbox 1474 2371 1535 2432; x_wconf 83' lang='grc' dir='ltr'><em>τοῦ</em></span> 
     </span>
     <span class='ocr_line' id='line_1_21' title="bbox 225 2460 1535 2556; baseline -0.003 -19.924"><span class='ocrx_word' id='word_1_193' title='bbox 225 2465 348 2556; x_wconf 81' lang='grc' dir='ltr'><em>ήθικοῦ</em></span> <span class='ocrx_word' id='word_1_194' title='bbox 379 2467 488 2538; x_wconf 90' lang='grc' dir='ltr'><em>τύπου</em></span> <span class='ocrx_word' id='word_1_195' title='bbox 519 2465 567 2548; x_wconf 79' lang='grc' dir='ltr'><em>ιύς</em></span> <span class='ocrx_word' id='word_1_196' title='bbox 597 2471 634 2538; x_wconf 82' lang='grc' dir='ltr'><em>ἐν</em></span> <span class='ocrx_word' id='word_1_197' title='bbox 664 2477 862 2555; x_wconf 74' lang='grc' dir='ltr'><em>κεφαλαίοις</em></span> <span class='ocrx_word' id='word_1_198' title='bbox 892 2467 1166 2556; x_wconf 78' lang='grc' dir='ltr'><em>ἀπογραφέντας,</em></span> <span class='ocrx_word' id='word_1_199' title='bbox 1199 2464 1373 2553; x_wconf 88' lang='grc' dir='ltr'><em>σποράδην</em></span> <span class='ocrx_word' id='word_1_200' title='bbox 1404 2493 1455 2539; x_wconf 89' lang='grc' dir='ltr'><em>τε,</em></span> <span class='ocrx_word' id='word_1_201' title='bbox 1487 2460 1535 2542; x_wconf 70' lang='lat'><em>6,-</em></span> 
     </span>
     <span class='ocr_line' id='line_1_22' title="bbox 224 2563 1535 2690; baseline -0.005 -52"><span class='ocrx_word' id='word_1_202' title='bbox 224 2565 454 2656; x_wconf 82' lang='grc' dir='ltr'><em>ύπεσχήμεθα,</em></span> <span class='ocrx_word' id='word_1_203' title='bbox 491 2576 546 2637; x_wconf 90' lang='grc' dir='ltr'><em>καὶ</em></span> <span class='ocrx_word' id='word_1_204' title='bbox 576 2573 815 2690; x_wconf 70' lang='grc' dir='ltr'><em>διερριμμένοις</em></span> <span class='ocrx_word' id='word_1_205' title='bbox 845 2569 889 2640; x_wconf 82' lang='grc' dir='ltr'><em>τά</em></span> <span class='ocrx_word' id='word_1_206' title='bbox 921 2569 1060 2658; x_wconf 78' lang='grc' dir='ltr'><em>ζώπυρα</em></span> <span class='ocrx_word' id='word_1_207' title='bbox 1091 2575 1152 2656; x_wconf 85' lang='grc' dir='ltr'><em>τῆς</em></span> <span class='ocrx_word' id='word_1_208' title='bbox 1188 2564 1340 2655; x_wconf 85' lang='grc' dir='ltr'><em>ἀληθοῦς</em></span> <span class='ocrx_word' id='word_1_209' title='bbox 1377 2563 1535 2650; x_wconf 75' lang='grc' dir='ltr'><em>γνωσεως</em></span> 
     </span>
     <span class='ocr_line' id='line_1_23' title="bbox 225 2660 1535 2796; baseline -0.006 -60"><span class='ocrx_word' id='word_1_210' title='bbox 225 2665 566 2756; x_wconf 83' lang='grc' dir='ltr'><em>ἐγκατασπειράντων</em></span> <span class='ocrx_word' id='word_1_211' title='bbox 595 2667 792 2796; x_wconf 63' lang='grc' dir='ltr'><em>μαθήματα,</em></span> <span class='ocrx_word' id='word_1_212' title='bbox 825 2699 872 2750; x_wconf 89' lang='grc' dir='ltr'><em>ως</em></span> <span class='ocrx_word' id='word_1_213' title='bbox 901 2668 946 2758; x_wconf 88' lang='grc' dir='ltr'><em>μή</em></span> <span class='ocrx_word' id='word_1_214' title='bbox 977 2674 1095 2760; x_wconf 79' lang='grc' dir='ltr'><em>ῥᾳδίαν</em></span> <span class='ocrx_word' id='word_1_215' title='bbox 1125 2670 1211 2738; x_wconf 83' lang='grc' dir='ltr'><em>εἶναι</em></span> <span class='ocrx_word' id='word_1_216' title='bbox 1238 2673 1288 2754; x_wconf 79' lang='grc' dir='ltr'><em>τῷ</em></span> <span class='ocrx_word' id='word_1_217' title='bbox 1320 2660 1535 2749; x_wconf 82' lang='grc' dir='ltr'><em>περιτυχόντι</em></span> 
     </span>
     <span class='ocr_line' id='line_1_24' title="bbox 227 2761 1536 2858; baseline -0.005 -22"><span class='ocrx_word' id='word_1_218' title='bbox 227 2774 301 2837; x_wconf 82' lang='grc' dir='ltr'><em>τῶν</em></span> <span class='ocrx_word' id='word_1_219' title='bbox 329 2764 493 2856; x_wconf 86' lang='grc' dir='ltr'><em>ἀμιήτων</em></span> <span class='ocrx_word' id='word_1_220' title='bbox 525 2765 589 2854; x_wconf 88' lang='grc' dir='ltr'><em>τὴν</em></span> <span class='ocrx_word' id='word_1_221' title='bbox 620 2795 694 2837; x_wconf 86' lang='grc' dir='ltr'><em>των</em></span> <span class='ocrx_word' id='word_1_222' title='bbox 724 2763 833 2856; x_wconf 83' lang='grc' dir='ltr'><em>άγίων</em></span> <span class='ocrx_word' id='word_1_223' title='bbox 860 2761 1007 2858; x_wconf 76' lang='grc' dir='ltr'><em>εῦρεσινι</em></span> <span class='ocrx_word' id='word_1_224' title='bbox 1033 2773 1088 2837; x_wconf 84' lang='grc' dir='ltr'><em>καὶ</em></span> <span class='ocrx_word' id='word_1_225' title='bbox 1111 2769 1193 2856; x_wconf 77' lang='grc' dir='ltr'><em>εξής.</em></span> <span class='ocrx_word' id='word_1_226' title='bbox 1237 2763 1256 2853; x_wconf 88' lang='grc' dir='ltr'><em>ή</em></span> <span class='ocrx_word' id='word_1_227' title='bbox 1288 2795 1348 2850; x_wconf 89' lang='grc' dir='ltr'><em>μει</em></span> <span class='ocrx_word' id='word_1_228' title='bbox 1380 2765 1442 2832; x_wconf 81' lang='grc' dir='ltr'><em>οῦν</em></span> <span class='ocrx_word' id='word_1_229' title='bbox 1472 2768 1536 2831; x_wconf 89' lang='grc' dir='ltr'><em>τοῦ</em></span> 
     </span>
     <span class='ocr_line' id='line_1_25' title="bbox 226 2861 1535 2957; baseline 0 -21"><span class='ocrx_word' id='word_1_230' title='bbox 226 2873 463 2955; x_wconf 89' lang='grc' dir='ltr'><em>διερριμμένως</em></span> <span class='ocrx_word' id='word_1_231' title='bbox 485 2863 573 2937; x_wconf 85' lang='grc' dir='ltr'><em>αύτό</em></span> <span class='ocrx_word' id='word_1_232' title='bbox 594 2865 781 2953; x_wconf 75' lang='grc' dir='ltr'><em>κατατάξαι</em></span> <span class='ocrx_word' id='word_1_233' title='bbox 809 2863 902 2956; x_wconf 82' lang='grc' dir='ltr'><em>αύτῷ</em></span> <span class='ocrx_word' id='word_1_234' title='bbox 935 2874 1024 2938; x_wconf 86' lang='grc' dir='ltr'><em>αἰτία</em></span> <span class='ocrx_word' id='word_1_235' title='bbox 1056 2861 1153 2955; x_wconf 86' lang='grc' dir='ltr'><em>αύτη,</em></span> <span class='ocrx_word' id='word_1_236' title='bbox 1186 2865 1233 2947; x_wconf 79' lang='grc' dir='ltr'><em>δίς</em></span> <span class='ocrx_word' id='word_1_237' title='bbox 1264 2891 1357 2954; x_wconf 76' lang='grc' dir='ltr'><em>φησι,</em></span> <span class='ocrx_word' id='word_1_238' title='bbox 1390 2877 1535 2957; x_wconf 88' lang='grc' dir='ltr'><em>γέγονεν.</em></span> 
     </span>
     <span class='ocr_line' id='line_1_26' title="bbox 226 2959 1536 3056; baseline 0 -20"><span class='ocrx_word' id='word_1_239' title='bbox 226 2959 326 3054; x_wconf 75' lang='grc' dir='ltr'><em>εὖρον</em></span> <span class='ocrx_word' id='word_1_240' title='bbox 346 2972 465 3054; x_wconf 89' lang='grc' dir='ltr'><em>μέντοι</em></span> <span class='ocrx_word' id='word_1_241' title='bbox 486 2992 523 3053; x_wconf 88' lang='grc' dir='ltr'><em>γε</em></span> <span class='ocrx_word' id='word_1_242' title='bbox 546 2969 583 3037; x_wconf 85' lang='grc' dir='ltr'><em>έν</em></span> <span class='ocrx_word' id='word_1_243' title='bbox 605 2995 672 3037; x_wconf 91' lang='grc' dir='ltr'><em>τινι</em></span> <span class='ocrx_word' id='word_1_244' title='bbox 694 2973 830 3056; x_wconf 81' lang='grc' dir='ltr'><em>παλαιῷ</em></span> <span class='ocrx_word' id='word_1_245' title='bbox 853 2975 970 3055; x_wconf 81' lang='grc' dir='ltr'><em>βιβλίῳ</em></span> <span class='ocrx_word' id='word_1_246' title='bbox 993 2965 1058 3055; x_wconf 86' lang='grc' dir='ltr'><em>τήν</em></span> <span class='ocrx_word' id='word_1_247' title='bbox 1081 2963 1187 3054; x_wconf 86' lang='grc' dir='ltr'><em>αύτὴν</em></span> <span class='ocrx_word' id='word_1_248' title='bbox 1209 2975 1440 3054; x_wconf 83' lang='grc' dir='ltr'><em>πραγματείαν</em></span> <span class='ocrx_word' id='word_1_249' title='bbox 1463 2963 1536 3054; x_wconf 83' lang='grc' dir='ltr'><em>ούχὶ</em></span> 
     </span>
     <span class='ocr_line' id='line_1_27' title="bbox 225 3061 1536 3156; baseline -0.001 -20"><span class='ocrx_word' id='word_1_250' title='bbox 225 3077 446 3155; x_wconf 83' lang='grc' dir='ltr'><em>Στρωματεῑς</em></span> <span class='ocrx_word' id='word_1_251' title='bbox 476 3063 585 3154; x_wconf 88' lang='grc' dir='ltr'><em>μόνον</em></span> <span class='ocrx_word' id='word_1_252' title='bbox 615 3071 904 3156; x_wconf 76' lang='grc' dir='ltr'><em>ἐπιγραφομένην,</em></span> <span class='ocrx_word' id='word_1_253' title='bbox 935 3063 1008 3138; x_wconf 78' lang='grc' dir='ltr'><em>ἀλλ’</em></span> <span class='ocrx_word' id='word_1_254' title='bbox 1040 3061 1238 3154; x_wconf 81' lang='grc' dir='ltr'><em>ὁλοκλήρως</em></span> <span class='ocrx_word' id='word_1_255' title='bbox 1269 3061 1381 3147; x_wconf 83' lang='grc' dir='ltr'><em>οῦτως</em></span> <span class='ocrx_word' id='word_1_256' title='bbox 1415 3073 1536 3137; x_wconf 72' lang='grc' dir='ltr'><em>»Τίτου</em></span> 
     </span>
     <span class='ocr_line' id='line_1_28' title="bbox 228 3161 1534 3256; baseline 0.001 -21"><span class='ocrx_word' id='word_1_257' title='bbox 228 3175 380 3238; x_wconf 79' lang='grc' dir='ltr'><em>Φλαυίου</em></span> <span class='ocrx_word' id='word_1_258' title='bbox 395 3161 602 3252; x_wconf 83' lang='grc' dir='ltr'><em>Κλήμεντος,</em></span> <span class='ocrx_word' id='word_1_259' title='bbox 624 3174 853 3256; x_wconf 83' lang='grc' dir='ltr'><em>πρεσβυτέρου</em></span> <span class='ocrx_word' id='word_1_260' title='bbox 867 3162 1120 3254; x_wconf 77' lang='grc' dir='ltr'><em>Ἀλεξανδρείας,</em></span> <span class='ocrx_word' id='word_1_261' title='bbox 1145 3171 1218 3236; x_wconf 81' lang='grc' dir='ltr'><em>τῶν</em></span> <span class='ocrx_word' id='word_1_262' title='bbox 1231 3165 1319 3236; x_wconf 83' lang='grc' dir='ltr'><em>κατά</em></span> <span class='ocrx_word' id='word_1_263' title='bbox 1335 3165 1401 3254; x_wconf 85' lang='grc' dir='ltr'><em>τήν</em></span> <span class='ocrx_word' id='word_1_264' title='bbox 1420 3162 1534 3254; x_wconf 87' lang='grc' dir='ltr'><em>ἀληθῆ</em></span> 
     </span>
     <span class='ocr_line' id='line_1_29' title="bbox 226 3263 1535 3355; baseline 0.001 -19"><span class='ocrx_word' id='word_1_265' title='bbox 226 3272 433 3352; x_wconf 72' lang='grc' dir='ltr'><em>φιλοσοφίαν</em></span> <span class='ocrx_word' id='word_1_266' title='bbox 463 3272 666 3350; x_wconf 76' lang='grc' dir='ltr'><em>γνωστικοῦν</em></span> <span class='ocrx_word' id='word_1_267' title='bbox 695 3263 953 3355; x_wconf 78' lang='grc' dir='ltr'><em>ὑπομνημάτων</em></span> <span class='ocrx_word' id='word_1_268' title='bbox 974 3271 1218 3354; x_wconf 86' lang='grc' dir='ltr'><em>Στρωματέων</em></span> <span class='ocrx_word' id='word_1_269' title='bbox 1244 3265 1285 3354; x_wconf 82' lang='grc' dir='ltr'><em>α’,</em></span> <span class='ocrx_word' id='word_1_270' title='bbox 1312 3265 1352 3350; x_wconf 85' lang='grc' dir='ltr'><em>β,</em></span> <span class='ocrx_word' id='word_1_271' title='bbox 1375 3266 1414 3354; x_wconf 87' lang='grc' dir='ltr'><em>γ’,</em></span> <span class='ocrx_word' id='word_1_272' title='bbox 1437 3263 1476 3348; x_wconf 80' lang='grc' dir='ltr'><em>δ’,</em></span> <span class='ocrx_word' id='word_1_273' title='bbox 1499 3263 1535 3337; x_wconf 81' lang='grc' dir='ltr'><em>ε’,</em></span> 
     </span>
     <span class='ocr_line' id='line_1_30' title="bbox 226 3360 1536 3455; baseline -0.001 -21"><span class='ocrx_word' id='word_1_274' title='bbox 226 3365 260 3450; x_wconf 86' lang='grc' dir='ltr'><em>ς’,</em></span> <span class='ocrx_word' id='word_1_275' title='bbox 284 3363 309 3450; x_wconf 75' lang='grc' dir='ltr'><em>ζ</em></span> <span class='ocrx_word' id='word_1_276' title='bbox 337 3370 391 3434; x_wconf 83' lang='grc' dir='ltr'><em>καὶ</em></span> <span class='ocrx_word' id='word_1_277' title='bbox 419 3362 479 3452; x_wconf 81' lang='grc' dir='ltr'><em>η’«.</em></span> <span class='ocrx_word' id='word_1_278' title='bbox 523 3360 597 3435; x_wconf 78' lang='grc' dir='ltr'><em>ἀλλ’</em></span> <span class='ocrx_word' id='word_1_279' title='bbox 629 3361 648 3435; x_wconf 90' lang='lat'><em>6</em></span> <span class='ocrx_word' id='word_1_280' title='bbox 678 3372 740 3452; x_wconf 79' lang='grc' dir='ltr'><em>μὲν</em></span> <span class='ocrx_word' id='word_1_281' title='bbox 769 3373 909 3454; x_wconf 76' lang='grc' dir='ltr'><em>πρῶτος</em></span> <span class='ocrx_word' id='word_1_282' title='bbox 939 3372 1031 3453; x_wconf 91' lang='grc' dir='ltr'><em>μέχρι</em></span> <span class='ocrx_word' id='word_1_283' title='bbox 1064 3372 1127 3436; x_wconf 88' lang='grc' dir='ltr'><em>τοῦ</em></span> <span class='ocrx_word' id='word_1_284' title='bbox 1157 3362 1301 3455; x_wconf 71' lang='grc' dir='ltr'><em>ἑβδόμου</em></span> <span class='ocrx_word' id='word_1_285' title='bbox 1332 3366 1397 3455; x_wconf 84' lang='grc' dir='ltr'><em>τήν</em></span> <span class='ocrx_word' id='word_1_286' title='bbox 1428 3361 1536 3453; x_wconf 87' lang='grc' dir='ltr'><em>αύτήν</em></span> 
     </span>
     <span class='ocr_line' id='line_1_31' title="bbox 228 3459 1534 3554; baseline 0.002 -21"><span class='ocrx_word' id='word_1_287' title='bbox 228 3469 361 3552; x_wconf 76' lang='grc' dir='ltr'><em>ἔχουσιν</em></span> <span class='ocrx_word' id='word_1_288' title='bbox 382 3464 575 3553; x_wconf 86' lang='grc' dir='ltr'><em>ἐπιγραφήν</em></span> <span class='ocrx_word' id='word_1_289' title='bbox 596 3472 650 3534; x_wconf 81' lang='grc' dir='ltr'><em>καὶ</em></span> <span class='ocrx_word' id='word_1_290' title='bbox 675 3467 793 3536; x_wconf 78' lang='grc' dir='ltr'><em>ἑνιαῑοι</em></span> <span class='ocrx_word' id='word_1_291' title='bbox 825 3463 1047 3554; x_wconf 84' lang='grc' dir='ltr'><em>τυγχάνουσιν</em></span> <span class='ocrx_word' id='word_1_292' title='bbox 1077 3469 1114 3537; x_wconf 90' lang='grc' dir='ltr'><em>ἐν</em></span> <span class='ocrx_word' id='word_1_293' title='bbox 1145 3459 1249 3537; x_wconf 81' lang='grc' dir='ltr'><em>άπασι</em></span> <span class='ocrx_word' id='word_1_294' title='bbox 1280 3486 1353 3548; x_wconf 82' lang='grc' dir='ltr'><em>τοῖς</em></span> <span class='ocrx_word' id='word_1_295' title='bbox 1383 3473 1534 3550; x_wconf 78' lang='grc' dir='ltr'><em>βιβλίοις·</em></span> 
     </span>
     <span class='ocr_line' id='line_1_32' title="bbox 228 3557 1536 3654; baseline 0.001 -22"><span class='ocrx_word' id='word_1_296' title='bbox 228 3563 246 3634; x_wconf 88' lang='lat'><em>6</em></span> <span class='ocrx_word' id='word_1_297' title='bbox 268 3571 385 3650; x_wconf 90' lang='grc' dir='ltr'><em>μέντοι</em></span> <span class='ocrx_word' id='word_1_298' title='bbox 408 3557 529 3652; x_wconf 84' lang='grc' dir='ltr'><em>ὄγδοος</em></span> <span class='ocrx_word' id='word_1_299' title='bbox 552 3561 714 3652; x_wconf 87' lang='grc' dir='ltr'><em>διάφορός</em></span> <span class='ocrx_word' id='word_1_300' title='bbox 737 3571 775 3634; x_wconf 85' lang='grc' dir='ltr'><em>τέ</em></span> <span class='ocrx_word' id='word_1_301' title='bbox 800 3569 947 3636; x_wconf 85' lang='grc' dir='ltr'><em>ἐστικαὶ</em></span> <span class='ocrx_word' id='word_1_302' title='bbox 972 3573 1013 3654; x_wconf 83' lang='grc' dir='ltr'><em>τῆ</em></span> <span class='ocrx_word' id='word_1_303' title='bbox 1045 3569 1213 3654; x_wconf 80' lang='grc' dir='ltr'><em>ἐπιγραφῇ</em></span> <span class='ocrx_word' id='word_1_304' title='bbox 1243 3573 1298 3636; x_wconf 89' lang='grc' dir='ltr'><em>καὶ</em></span> <span class='ocrx_word' id='word_1_305' title='bbox 1329 3573 1380 3654; x_wconf 84' lang='grc' dir='ltr'><em>τῷ</em></span> <span class='ocrx_word' id='word_1_306' title='bbox 1413 3564 1536 3652; x_wconf 84' lang='grc' dir='ltr'><em>ἐδάφει.</em></span> 
     </span>
     <span class='ocr_line' id='line_1_33' title="bbox 228 3661 1535 3754; baseline 0 -20"><span class='ocrx_word' id='word_1_307' title='bbox 228 3669 264 3734; x_wconf 84' lang='grc' dir='ltr'><em>ἐν</em></span> <span class='ocrx_word' id='word_1_308' title='bbox 286 3671 351 3735; x_wconf 84' lang='grc' dir='ltr'><em>τισὶ</em></span> <span class='ocrx_word' id='word_1_309' title='bbox 373 3670 434 3752; x_wconf 78' lang='grc' dir='ltr'><em>μὲν</em></span> <span class='ocrx_word' id='word_1_310' title='bbox 457 3662 520 3750; x_wconf 83' lang='grc' dir='ltr'><em>γάρ</em></span> <span class='ocrx_word' id='word_1_311' title='bbox 545 3671 614 3745; x_wconf 74' lang='grc' dir='ltr'><em>»τίς</em></span> <span class='ocrx_word' id='word_1_312' title='bbox 634 3661 652 3734; x_wconf 92' lang='lat'><em>6</em></span> <span class='ocrx_word' id='word_1_313' title='bbox 669 3663 860 3753; x_wconf 79' lang='grc' dir='ltr'><em>σωζόμενος</em></span> <span class='ocrx_word' id='word_1_314' title='bbox 881 3664 1059 3747; x_wconf 76' lang='grc' dir='ltr'><em>πλούσιοςι</em></span> <span class='ocrx_word' id='word_1_315' title='bbox 1086 3664 1304 3754; x_wconf 76' lang='grc' dir='ltr'><em>ἐπιγράφεται</em></span> <span class='ocrx_word' id='word_1_316' title='bbox 1328 3672 1383 3734; x_wconf 84' lang='grc' dir='ltr'><em>καὶ</em></span> <span class='ocrx_word' id='word_1_317' title='bbox 1399 3663 1535 3752; x_wconf 84' lang='grc' dir='ltr'><em>ἄρχεται</em></span> 
     </span>
     <span class='ocr_line' id='line_1_34' title="bbox 229 3758 1535 3854; baseline -0.001 -20"><span class='ocrx_word' id='word_1_318' title='bbox 229 3758 340 3847; x_wconf 81' lang='grc' dir='ltr'><em>ούτως</em></span> <span class='ocrx_word' id='word_1_319' title='bbox 365 3767 497 3851; x_wconf 77' lang='grc' dir='ltr'><em>»οἱμὲν</em></span> <span class='ocrx_word' id='word_1_320' title='bbox 520 3763 599 3844; x_wconf 83' lang='grc' dir='ltr'><em>τοῦς</em></span> <span class='ocrx_word' id='word_1_321' title='bbox 631 3763 915 3852; x_wconf 86' lang='grc' dir='ltr'><em>ἐγκωμιαστικοῦς</em></span> <span class='ocrx_word' id='word_1_322' title='bbox 946 3761 1084 3850; x_wconf 78' lang='grc' dir='ltr'><em>λόγουςι</em></span> <span class='ocrx_word' id='word_1_323' title='bbox 1118 3773 1174 3836; x_wconf 88' lang='grc' dir='ltr'><em>καὶ</em></span> <span class='ocrx_word' id='word_1_324' title='bbox 1205 3767 1291 3854; x_wconf 73' lang='grc' dir='ltr'><em>ἑξῆς·</em></span> <span class='ocrx_word' id='word_1_325' title='bbox 1336 3769 1373 3835; x_wconf 93' lang='grc' dir='ltr'><em>ἐν</em></span> <span class='ocrx_word' id='word_1_326' title='bbox 1403 3771 1468 3835; x_wconf 90' lang='grc' dir='ltr'><em>τισὶ</em></span> <span class='ocrx_word' id='word_1_327' title='bbox 1500 3769 1535 3833; x_wconf 77' lang='grc' dir='ltr'><em>δὲ</em></span> 
     </span>
     <span class='ocr_line' id='line_1_35' title="bbox 230 3855 1535 3951; baseline 0 -19"><span class='ocrx_word' id='word_1_328' title='bbox 230 3862 466 3949; x_wconf 75' lang='grc' dir='ltr'><em>»στρωματεύς</em></span> <span class='ocrx_word' id='word_1_329' title='bbox 488 3855 638 3951; x_wconf 75' lang='grc' dir='ltr'><em>ὄγδοοςι,</em></span> <span class='ocrx_word' id='word_1_330' title='bbox 663 3861 777 3950; x_wconf 75' lang='grc' dir='ltr'><em>ὥσπερ</em></span> <span class='ocrx_word' id='word_1_331' title='bbox 799 3871 853 3934; x_wconf 89' lang='grc' dir='ltr'><em>καὶ</em></span> <span class='ocrx_word' id='word_1_332' title='bbox 876 3867 908 3934; x_wconf 87' lang='grc' dir='ltr'><em>οί</em></span> <span class='ocrx_word' id='word_1_333' title='bbox 924 3863 991 3950; x_wconf 92' lang='grc' dir='ltr'><em>πρό</em></span> <span class='ocrx_word' id='word_1_334' title='bbox 1007 3860 1112 3934; x_wconf 81' lang='grc' dir='ltr'><em>αὐτοῦ</em></span> <span class='ocrx_word' id='word_1_335' title='bbox 1128 3862 1223 3946; x_wconf 67' lang='grc' dir='ltr'><em>ἑπτά,</em></span> <span class='ocrx_word' id='word_1_336' title='bbox 1247 3861 1466 3950; x_wconf 78' lang='grc' dir='ltr'><em>ἐπιγράφεται</em></span> <span class='ocrx_word' id='word_1_337' title='bbox 1480 3870 1535 3933; x_wconf 82' lang='grc' dir='ltr'><em>καὶ</em></span> 
     </span>
     <span class='ocr_line' id='line_1_36' title="bbox 228 3959 1535 4051; baseline 0 -20"><span class='ocrx_word' id='word_1_338' title='bbox 228 3959 413 4049; x_wconf 87' lang='grc' dir='ltr'><em>ἀπάρχεται</em></span> <span class='ocrx_word' id='word_1_339' title='bbox 438 3959 531 4034; x_wconf 73' lang='grc' dir='ltr'><em>»ἀλλ’</em></span> <span class='ocrx_word' id='word_1_340' title='bbox 547 3959 623 4032; x_wconf 82' lang='grc' dir='ltr'><em>οῦδὲ</em></span> <span class='ocrx_word' id='word_1_341' title='bbox 646 3967 678 4033; x_wconf 81' lang='grc' dir='ltr'><em>οἱ</em></span> <span class='ocrx_word' id='word_1_342' title='bbox 700 3971 907 4034; x_wconf 87' lang='grc' dir='ltr'><em>παλαίτατοι</em></span> <span class='ocrx_word' id='word_1_343' title='bbox 930 3969 1003 4033; x_wconf 80' lang='grc' dir='ltr'><em>τῶν</em></span> <span class='ocrx_word' id='word_1_344' title='bbox 1024 3960 1246 4050; x_wconf 70' lang='grc' dir='ltr'><em>φιλοσόφων(</em></span> <span class='ocrx_word' id='word_1_345' title='bbox 1265 3970 1320 4033; x_wconf 84' lang='grc' dir='ltr'><em>καὶ</em></span> <span class='ocrx_word' id='word_1_346' title='bbox 1336 3965 1417 4051; x_wconf 71' lang='grc' dir='ltr'><em>ἑξῆς.</em></span> <span class='ocrx_word' id='word_1_347' title='bbox 1449 3959 1535 4050; x_wconf 82' lang='grc' dir='ltr'><em>αῦτη</em></span> 
     </span>
     <span class='ocr_line' id='line_1_37' title="bbox 229 4059 1537 4151; baseline 0.001 -19"><span class='ocrx_word' id='word_1_348' title='bbox 229 4067 263 4132; x_wconf 81' lang='grc' dir='ltr'><em>δὲ</em></span> <span class='ocrx_word' id='word_1_349' title='bbox 286 4059 306 4149; x_wconf 86' lang='grc' dir='ltr'><em>ή</em></span> <span class='ocrx_word' id='word_1_350' title='bbox 333 4069 406 4133; x_wconf 80' lang='grc' dir='ltr'><em>τῶν</em></span> <span class='ocrx_word' id='word_1_351' title='bbox 427 4069 671 4150; x_wconf 86' lang='grc' dir='ltr'><em>Στριοματέων</em></span> <span class='ocrx_word' id='word_1_352' title='bbox 701 4071 815 4148; x_wconf 87' lang='grc' dir='ltr'><em>βίβλος</em></span> <span class='ocrx_word' id='word_1_353' title='bbox 845 4069 979 4150; x_wconf 82' lang='grc' dir='ltr'><em>ἐνιαχοῦ</em></span> <span class='ocrx_word' id='word_1_354' title='bbox 1009 4059 1068 4150; x_wconf 77' lang='grc' dir='ltr'><em>οὐχ</em></span> <span class='ocrx_word' id='word_1_355' title='bbox 1099 4059 1202 4151; x_wconf 81' lang='grc' dir='ltr'><em>όγιιῦς</em></span> <span class='ocrx_word' id='word_1_356' title='bbox 1233 4061 1464 4150; x_wconf 86' lang='grc' dir='ltr'><em>διαλαμβάνει,</em></span> <span class='ocrx_word' id='word_1_357' title='bbox 1495 4059 1537 4133; x_wconf 88' lang='grc' dir='ltr'><em>ού</em></span> 
     </span>
     <span class='ocr_line' id='line_1_38' title="bbox 227 4157 1538 4252; baseline 0.001 -22"><span class='ocrx_word' id='word_1_358' title='bbox 227 4168 342 4248; x_wconf 91' lang='grc' dir='ltr'><em>μέντοι</em></span> <span class='ocrx_word' id='word_1_359' title='bbox 366 4189 401 4249; x_wconf 92' lang='grc' dir='ltr'><em>γε</em></span> <span class='ocrx_word' id='word_1_360' title='bbox 425 4159 539 4249; x_wconf 80' lang='grc' dir='ltr'><em>ὥσπερ</em></span> <span class='ocrx_word' id='word_1_361' title='bbox 561 4166 594 4232; x_wconf 80' lang='grc' dir='ltr'><em>αἱ</em></span> <span class='ocrx_word' id='word_1_362' title='bbox 615 4157 877 4245; x_wconf 57' lang='grc' dir='ltr'><em>(λ’ποτυποίσεις,</em></span> <span class='ocrx_word' id='word_1_363' title='bbox 910 4161 996 4233; x_wconf 81' lang='grc' dir='ltr'><em>ἀλλὰ</em></span> <span class='ocrx_word' id='word_1_364' title='bbox 1025 4169 1079 4232; x_wconf 85' lang='grc' dir='ltr'><em>καὶ</em></span> <span class='ocrx_word' id='word_1_365' title='bbox 1106 4162 1193 4252; x_wconf 89' lang='grc' dir='ltr'><em>πρός</em></span> <span class='ocrx_word' id='word_1_366' title='bbox 1223 4163 1335 4233; x_wconf 80' lang='grc' dir='ltr'><em>πολλὰ</em></span> <span class='ocrx_word' id='word_1_367' title='bbox 1366 4171 1439 4233; x_wconf 81' lang='grc' dir='ltr'><em>τῶν</em></span> <span class='ocrx_word' id='word_1_368' title='bbox 1470 4167 1538 4232; x_wconf 82' lang='grc' dir='ltr'><em>ἐκεῖ</em></span> 
     </span>
     <span class='ocr_line' id='line_1_39' title="bbox 229 4259 1534 4352; baseline 0.001 -21"><span class='ocrx_word' id='word_1_369' title='bbox 229 4259 431 4350; x_wconf 88' lang='grc' dir='ltr'><em>διαμάχεται.</em></span> <span class='ocrx_word' id='word_1_370' title='bbox 457 4265 697 4348; x_wconf 89' lang='grc' dir='ltr'><em>ἐπαγγέλλεται</em></span> <span class='ocrx_word' id='word_1_371' title='bbox 712 4266 747 4331; x_wconf 82' lang='grc' dir='ltr'><em>δὲ</em></span> <span class='ocrx_word' id='word_1_372' title='bbox 769 4267 823 4329; x_wconf 88' lang='grc' dir='ltr'><em>καὶ</em></span> <span class='ocrx_word' id='word_1_373' title='bbox 848 4261 934 4332; x_wconf 82' lang='grc' dir='ltr'><em>ἀλλα</em></span> <span class='ocrx_word' id='word_1_374' title='bbox 949 4267 1159 4350; x_wconf 87' lang='grc' dir='ltr'><em>πεποιῆσθαι</em></span> <span class='ocrx_word' id='word_1_375' title='bbox 1179 4260 1272 4352; x_wconf 80' lang='grc' dir='ltr'><em>αύτῷ</em></span> <span class='ocrx_word' id='word_1_376' title='bbox 1297 4259 1534 4351; x_wconf 87' lang='grc' dir='ltr'><em>συγγράμματα</em></span> 
     </span>
     <span class='ocr_line' id='line_1_40' title="bbox 229 4356 1533 4452; baseline 0.002 -24"><span class='ocrx_word' id='word_1_377' title='bbox 229 4357 290 4430; x_wconf 81' lang='grc' dir='ltr'><em>οὐκ</em></span> <span class='ocrx_word' id='word_1_378' title='bbox 312 4356 418 4448; x_wconf 85' lang='grc' dir='ltr'><em>ὀλίγα,</em></span> <span class='ocrx_word' id='word_1_379' title='bbox 440 4370 497 4431; x_wconf 90' lang='grc' dir='ltr'><em>καί</em></span> <span class='ocrx_word' id='word_1_380' title='bbox 518 4389 552 4449; x_wconf 90' lang='grc' dir='ltr'><em>γε</em></span> <span class='ocrx_word' id='word_1_381' title='bbox 576 4369 631 4431; x_wconf 88' lang='grc' dir='ltr'><em>καὶ</em></span> <span class='ocrx_word' id='word_1_382' title='bbox 653 4357 711 4447; x_wconf 77' lang='grc' dir='ltr'><em>ὑφ’</em></span> <span class='ocrx_word' id='word_1_383' title='bbox 733 4361 859 4449; x_wconf 79' lang='grc' dir='ltr'><em>ἑτέρων</em></span> <span class='ocrx_word' id='word_1_384' title='bbox 873 4366 1095 4450; x_wconf 86' lang='grc' dir='ltr'><em>πεποιηκέναι</em></span> <span class='ocrx_word' id='word_1_385' title='bbox 1116 4362 1376 4452; x_wconf 87' lang='grc' dir='ltr'><em>μεμαρτύρηται,</em></span> <span class='ocrx_word' id='word_1_386' title='bbox 1400 4367 1477 4451; x_wconf 87' lang='grc' dir='ltr'><em>περί</em></span> <span class='ocrx_word' id='word_1_387' title='bbox 1499 4391 1533 4432; x_wconf 88' lang='grc' dir='ltr'><em>τε</em></span> 
     </span>
     <span class='ocr_line' id='line_1_41' title="bbox 230 4457 1536 4551; baseline 0.002 -23"><span class='ocrx_word' id='word_1_388' title='bbox 230 4465 291 4531; x_wconf 87' lang='grc' dir='ltr'><em>τοῦ</em></span> <span class='ocrx_word' id='word_1_389' title='bbox 320 4457 432 4546; x_wconf 88' lang='grc' dir='ltr'><em>πάσχα</em></span> <span class='ocrx_word' id='word_1_390' title='bbox 462 4467 615 4550; x_wconf 78' lang='grc' dir='ltr'><em>καὶπερὶ</em></span> <span class='ocrx_word' id='word_1_391' title='bbox 647 4469 801 4550; x_wconf 89' lang='grc' dir='ltr'><em>νηστείας</em></span> <span class='ocrx_word' id='word_1_392' title='bbox 832 4471 887 4531; x_wconf 89' lang='grc' dir='ltr'><em>καὶ</em></span> <span class='ocrx_word' id='word_1_393' title='bbox 916 4470 992 4548; x_wconf 87' lang='grc' dir='ltr'><em>περὶ</em></span> <span class='ocrx_word' id='word_1_394' title='bbox 1024 4468 1240 4551; x_wconf 87' lang='grc' dir='ltr'><em>κακολογίας,</em></span> <span class='ocrx_word' id='word_1_395' title='bbox 1272 4469 1348 4550; x_wconf 89' lang='grc' dir='ltr'><em>περὶ</em></span> <span class='ocrx_word' id='word_1_396' title='bbox 1377 4458 1536 4532; x_wconf 85' lang='grc' dir='ltr'><em>κανόνων</em></span> 
     </span>
     <span class='ocr_line' id='line_1_42' title="bbox 230 4557 1534 4650; baseline 0.002 -22"><span class='ocrx_word' id='word_1_397' title='bbox 230 4562 520 4648; x_wconf 80' lang='grc' dir='ltr'><em>ίκκλησιαστικῶν</em></span> <span class='ocrx_word' id='word_1_398' title='bbox 541 4561 630 4632; x_wconf 84' lang='grc' dir='ltr'><em>κατὰ</em></span> <span class='ocrx_word' id='word_1_399' title='bbox 651 4569 727 4632; x_wconf 78' lang='grc' dir='ltr'><em>τῶν</em></span> <span class='ocrx_word' id='word_1_400' title='bbox 747 4559 1038 4632; x_wconf 85' lang='grc' dir='ltr'><em>ἀκολουθούντων</em></span> <span class='ocrx_word' id='word_1_401' title='bbox 1061 4569 1103 4650; x_wconf 83' lang='grc' dir='ltr'><em>τῆ</em></span> <span class='ocrx_word' id='word_1_402' title='bbox 1126 4569 1199 4632; x_wconf 81' lang='grc' dir='ltr'><em>τῶν</em></span> <span class='ocrx_word' id='word_1_403' title='bbox 1219 4559 1388 4634; x_wconf 87' lang='grc' dir='ltr'><em>Ἰουδαίων</em></span> <span class='ocrx_word' id='word_1_404' title='bbox 1413 4557 1534 4645; x_wconf 83' lang='grc' dir='ltr'><em>πλάνη.</em></span> 
     </span>
    </p>
   </div>
   <div class='ocr_carea' id='block_1_3' title="bbox 0 0 1794 5468">
    <p class='ocr_par' dir='ltr' id='par_1_3' title="bbox 0 0 1794 5468">
     <span class='ocr_line' id='line_1_43' title="bbox 0 0 1794 5468; baseline 0 0"><span class='ocrx_word' id='word_1_405' title='bbox 0 0 1794 5468; x_wconf 95' lang='lat' dir='ltr'><em> </em></span> 
     </span>
    </p>
   </div>
  </div>
 </body>
</html>
