<?xml version="1.0" encoding="UTF-8"?>
<!DOCTYPE html PUBLIC "-//W3C//DTD XHTML 1.0 Transitional//EN"
    "http://www.w3.org/TR/xhtml1/DTD/xhtml1-transitional.dtd">
<html xmlns="http://www.w3.org/1999/xhtml" xml:lang="en" lang="en">
 <head>
  <title>
</title>
<meta http-equiv="Content-Type" content="text/html;charset=utf-8" />
  <meta name='ocr-system' content='tesseract 3.04.00' />
  <meta name='ocr-capabilities' content='ocr_page ocr_carea ocr_par ocr_line ocrx_word'/>
</head>
<body>
  <div class='ocr_page' id='page_1' title='image "./diegriechischen04unkngoog/diegriechischen04unkngoog_0393.png"; bbox 0 0 3520 5480; ppageno 0'>
   <div class='ocr_carea' id='block_1_1' title="bbox 596 1347 1003 1468">
    <p class='ocr_par' dir='ltr' id='par_1_1' title="bbox 596 1347 1003 1468">
     <span class='ocr_line' id='line_1_1' title="bbox 596 1347 1003 1468; baseline 0 0"><span class='ocrx_word' id='word_1_1' title='bbox 596 1347 1003 1468; x_wconf 82' lang='lat' dir='ltr'>SOHOLIEN</span> 
     </span>
    </p>
   </div>
   <div class='ocr_carea' id='block_1_2' title="bbox 749 1576 840 1643">
    <p class='ocr_par' dir='ltr' id='par_1_2' title="bbox 749 1576 840 1643">
     <span class='ocr_line' id='line_1_2' title="bbox 749 1576 840 1643; baseline -0.022 0"><span class='ocrx_word' id='word_1_2' title='bbox 749 1576 840 1643; x_wconf 89' lang='lat' dir='ltr'><strong><em>ZUM</em></strong></span> 
     </span>
    </p>
   </div>
   <div class='ocr_carea' id='block_1_3' title="bbox 546 1771 1044 1868">
    <p class='ocr_par' dir='ltr' id='par_1_3' title="bbox 546 1771 1044 1868">
     <span class='ocr_line' id='line_1_3' title="bbox 546 1771 1044 1868; baseline -0.002 -1"><span class='ocrx_word' id='word_1_3' title='bbox 546 1771 1044 1868; x_wconf 85' lang='lat' dir='ltr'><strong>PAEDAGOGUS</strong></span> 
     </span>
    </p>
   </div>
   <div class='ocr_carea' id='block_1_4' title="bbox 81 1945 1478 4535">
    <p class='ocr_par' dir='ltr' id='par_1_4' title="bbox 81 1945 1478 4535">
     <span class='ocr_line' id='line_1_4' title="bbox 223 1945 1450 2044; baseline -0.002 -16"><span class='ocrx_word' id='word_1_4' title='bbox 223 1965 273 2039; x_wconf 86' lang='grc'><strong><em>89,</em></strong></span> <span class='ocrx_word' id='word_1_5' title='bbox 295 1967 336 2026; x_wconf 83' lang='grc'><strong><em>25</em></strong></span> <span class='ocrx_word' id='word_1_6' title='bbox 358 1949 458 2044; x_wconf 81' lang='grc' dir='ltr'><strong><em>όμείς,</em></strong></span> <span class='ocrx_word' id='word_1_7' title='bbox 482 1945 511 2025; x_wconf 87' lang='grc' dir='ltr'><strong><em>ῶ</em></strong></span> <span class='ocrx_word' id='word_1_8' title='bbox 534 1962 658 2038; x_wconf 79' lang='grc' dir='ltr'><strong><em>παῖδες,</em></strong></span> <span class='ocrx_word' id='word_1_9' title='bbox 681 1963 873 2044; x_wconf 79' lang='grc' dir='ltr'><strong><em>προσέχετε·</em></strong></span> <span class='ocrx_word' id='word_1_10' title='bbox 900 1960 1124 2037; x_wconf 82' lang='grc' dir='ltr'><strong><em>έλλειπτικῶς</em></strong></span> <span class='ocrx_word' id='word_1_11' title='bbox 1146 1953 1209 2044; x_wconf 87' lang='grc' dir='ltr'><strong><em>γάρ</em></strong></span> <span class='ocrx_word' id='word_1_12' title='bbox 1232 1959 1371 2043; x_wconf 81' lang='grc' dir='ltr'><strong><em>εἴρηται,</em></strong></span> <span class='ocrx_word' id='word_1_13' title='bbox 1393 1955 1450 2026; x_wconf 75' lang='grc' dir='ltr'><strong><em>ἵνα</em></strong></span> 
     </span>
     <span class='ocr_line' id='line_1_5' title="bbox 99 2051 1450 2145; baseline -0.004 -18"><span class='ocrx_word' id='word_1_14' title='bbox 99 2083 117 2134; x_wconf 82' lang='lat'>5</span> <span class='ocrx_word' id='word_1_15' title='bbox 138 2061 428 2144; x_wconf 89' lang='grc' dir='ltr'><strong><em>προσεχεστέρους</em></strong></span> <span class='ocrx_word' id='word_1_16' title='bbox 449 2053 574 2145; x_wconf 82' lang='grc' dir='ltr'><em>ποιήσῃ</em></span> <span class='ocrx_word' id='word_1_17' title='bbox 595 2055 682 2144; x_wconf 87' lang='grc' dir='ltr'><strong><em>πρὸς</em></strong></span> <span class='ocrx_word' id='word_1_18' title='bbox 704 2054 769 2144; x_wconf 86' lang='grc' dir='ltr'><strong><em>τὴν</em></strong></span> <span class='ocrx_word' id='word_1_19' title='bbox 791 2051 952 2142; x_wconf 78' lang='grc' dir='ltr'><em>ἀκρόασιν</em></span> <span class='ocrx_word' id='word_1_20' title='bbox 982 2053 1063 2137; x_wconf 74' lang='grc' dir='ltr'><strong><em>τοὺς</em></strong></span> <span class='ocrx_word' id='word_1_21' title='bbox 1090 2061 1185 2136; x_wconf 97' lang='grc' dir='ltr'><strong><em>νέους</em></strong></span> <span class='ocrx_word' id='word_1_22' title='bbox 1207 2061 1250 2142; x_wconf 84' lang='grc' dir='ltr'><strong><em>τῇ</em></strong></span> <span class='ocrx_word' id='word_1_23' title='bbox 1272 2061 1333 2144; x_wconf 83' lang='grc' dir='ltr'><strong><em>τῆς</em></strong></span> <span class='ocrx_word' id='word_1_24' title='bbox 1356 2055 1450 2144; x_wconf 76' lang='grc' dir='ltr'><strong><em>ἑρμη-</em></strong></span> 
     </span>
     <span class='ocr_line' id='line_1_6' title="bbox 139 2149 1478 2244; baseline -0.003 -18"><span class='ocrx_word' id='word_1_25' title='bbox 139 2164 233 2238; x_wconf 87' lang='grc' dir='ltr'><strong><em>νείας</em></strong></span> <span class='ocrx_word' id='word_1_26' title='bbox 256 2151 435 2243; x_wconf 82' lang='grc' dir='ltr'><strong><em>δεινότητι.</em></strong></span> <span class='ocrx_word' id='word_1_27' title='bbox 477 2153 740 2244; x_wconf 84' lang='grc' dir='ltr'><strong><em>συγκεκρότηται</em></strong></span> <span class='ocrx_word' id='word_1_28' title='bbox 762 2150 849 2244; x_wconf 79' lang='grc' dir='ltr'><strong><em>ἡμῖν,</em></strong></span> <span class='ocrx_word' id='word_1_29' title='bbox 871 2151 978 2244; x_wconf 84' lang='grc' dir='ltr'><strong><em>ἧτουν</em></strong></span> <span class='ocrx_word' id='word_1_30' title='bbox 999 2149 1078 2241; x_wconf 78' lang='grc' dir='ltr'><strong><em>παρ’</em></strong></span> <span class='ocrx_word' id='word_1_31' title='bbox 1102 2150 1208 2243; x_wconf 82' lang='grc' dir='ltr'><strong><em>ἡμῶν,</em></strong></span> <span class='ocrx_word' id='word_1_32' title='bbox 1230 2161 1350 2244; x_wconf 85' lang='grc' dir='ltr'><strong><em>κρηπίς</em></strong></span> <span class='ocrx_word' id='word_1_33' title='bbox 1372 2151 1450 2243; x_wconf 88' lang='grc' dir='ltr'><strong><em>άλη-</em></strong></span> <span class='ocrx_word' id='word_1_34' title='bbox 1475 2215 1478 2222; x_wconf 95' lang='grc'>.</span> 
     </span>
     <span class='ocr_line' id='line_1_7' title="bbox 137 2249 1450 2344; baseline -0.002 -18"><span class='ocrx_word' id='word_1_35' title='bbox 137 2263 249 2340; x_wconf 87' lang='grc' dir='ltr'><strong><em>θείας,</em></strong></span> <span class='ocrx_word' id='word_1_36' title='bbox 281 2252 358 2344; x_wconf 81' lang='grc' dir='ltr'><strong><em>ἦτοι</em></strong></span> <span class='ocrx_word' id='word_1_37' title='bbox 389 2251 579 2344; x_wconf 80' lang='grc' dir='ltr'><strong><em>δποβάθρα.</em></strong></span> <span class='ocrx_word' id='word_1_38' title='bbox 611 2249 708 2343; x_wconf 87' lang='grc' dir='ltr'><strong><em>ἀγίου</em></strong></span> <span class='ocrx_word' id='word_1_39' title='bbox 730 2259 815 2326; x_wconf 83' lang='grc' dir='ltr'><strong><em>ναοῦ</em></strong></span> <span class='ocrx_word' id='word_1_40' title='bbox 836 2252 983 2344; x_wconf 79' lang='grc' dir='ltr'><strong><em>μεγάλου</em></strong></span> <span class='ocrx_word' id='word_1_41' title='bbox 1003 2260 1097 2326; x_wconf 85' lang='grc' dir='ltr'><strong><em>θεοῦ.</em></strong></span> <span class='ocrx_word' id='word_1_42' title='bbox 1140 2262 1192 2336; x_wconf 90' lang='grc' dir='ltr'><strong><em>τίς</em></strong></span> <span class='ocrx_word' id='word_1_43' title='bbox 1222 2259 1257 2324; x_wconf 78' lang='grc' dir='ltr'><strong><em>δὲ</em></strong></span> <span class='ocrx_word' id='word_1_44' title='bbox 1287 2250 1450 2344; x_wconf 81' lang='grc' dir='ltr'><strong><em>ἦκρηπὶς</em></strong></span> 
     </span>
     <span class='ocr_line' id='line_1_8' title="bbox 139 2349 1450 2444; baseline 0 -18"><span class='ocrx_word' id='word_1_45' title='bbox 139 2351 216 2426; x_wconf 77' lang='grc' dir='ltr'><strong><em>ἀλλ’</em></strong></span> <span class='ocrx_word' id='word_1_46' title='bbox 239 2349 261 2442; x_wconf 80' lang='grc' dir='ltr'><em>ἢ</em></span> <span class='ocrx_word' id='word_1_47' title='bbox 282 2359 441 2443; x_wconf 78' lang='grc' dir='ltr'><strong><em>θεμέλιος</em></strong></span> <span class='ocrx_word' id='word_1_48' title='bbox 462 2351 609 2444; x_wconf 83' lang='grc' dir='ltr'><strong><em>ἀρραγὴς</em></strong></span> <span class='ocrx_word' id='word_1_49' title='bbox 630 2355 800 2443; x_wconf 87' lang='grc' dir='ltr'><strong><em>γνῶσεως,</em></strong></span> <span class='ocrx_word' id='word_1_50' title='bbox 830 2353 1012 2444; x_wconf 80' lang='grc' dir='ltr'><strong><em>προτροπὴ</em></strong></span> <span class='ocrx_word' id='word_1_51' title='bbox 1034 2351 1131 2444; x_wconf 84' lang='grc' dir='ltr'><strong><em>καλή,</em></strong></span> <span class='ocrx_word' id='word_1_52' title='bbox 1162 2351 1203 2425; x_wconf 82' lang='grc' dir='ltr'><strong><em>δι’</em></strong></span> <span class='ocrx_word' id='word_1_53' title='bbox 1226 2350 1378 2444; x_wconf 82' lang='grc' dir='ltr'><strong><em>όπακοῆς</em></strong></span> <span class='ocrx_word' id='word_1_54' title='bbox 1400 2353 1450 2426; x_wconf 86' lang='grc' dir='ltr'><strong><em>εό-</em></strong></span> 
     </span>
     <span class='ocr_line' id='line_1_9' title="bbox 139 2447 1380 2544; baseline 0 -20"><span class='ocrx_word' id='word_1_55' title='bbox 139 2453 246 2542; x_wconf 87' lang='grc' dir='ltr'><strong><em>λόγου</em></strong></span> <span class='ocrx_word' id='word_1_56' title='bbox 269 2459 356 2542; x_wconf 81' lang='grc' dir='ltr'><strong><em>ζωῆς</em></strong></span> <span class='ocrx_word' id='word_1_57' title='bbox 379 2450 486 2536; x_wconf 88' lang='grc' dir='ltr'><strong><em>ἀίδιος</em></strong></span> <span class='ocrx_word' id='word_1_58' title='bbox 508 2447 626 2544; x_wconf 77' lang='grc' dir='ltr'><strong><em>ὄρεξις,</em></strong></span> <span class='ocrx_word' id='word_1_59' title='bbox 649 2459 758 2544; x_wconf 84' lang='grc' dir='ltr'><strong><em>νοερῷ</em></strong></span> <span class='ocrx_word' id='word_1_60' title='bbox 782 2454 910 2544; x_wconf 84' lang='grc' dir='ltr'><strong><em>δηλαδὴ</em></strong></span> <span class='ocrx_word' id='word_1_61' title='bbox 932 2464 1182 2544; x_wconf 85' lang='grc' dir='ltr'><strong><em>καταβληθείσα</em></strong></span> <span class='ocrx_word' id='word_1_62' title='bbox 1202 2461 1325 2542; x_wconf 83' lang='grc' dir='ltr'><strong><em>χωρίῳ.</em></strong></span> <span class='ocrx_word' id='word_1_63' title='bbox 1347 2460 1380 2524; x_wconf 88' lang='grc' dir='ltr'>Μ</span> 
     </span>
     <span class='ocr_line' id='line_1_10' title="bbox 81 2545 1451 2644; baseline -0.002 -17"><span class='ocrx_word' id='word_1_64' title='bbox 81 2577 118 2629; x_wconf 83' lang='grc'><strong><em>10</em></strong></span> <span class='ocrx_word' id='word_1_65' title='bbox 224 2565 273 2638; x_wconf 89' lang='grc'><strong><em>90,</em></strong></span> <span class='ocrx_word' id='word_1_66' title='bbox 294 2559 341 2623; x_wconf 77' lang='lat' dir='ltr'><strong><em>2f</em></strong></span> <span class='ocrx_word' id='word_1_67' title='bbox 359 2550 469 2642; x_wconf 82' lang='grc' dir='ltr'><strong><em>η’θῶν,</em></strong></span> <span class='ocrx_word' id='word_1_68' title='bbox 500 2552 666 2640; x_wconf 73' lang='grc' dir='ltr'><strong><em>πράξεων,</em></strong></span> <span class='ocrx_word' id='word_1_69' title='bbox 696 2561 836 2640; x_wconf 78' lang='grc' dir='ltr'><strong><em>παθῶν]</em></strong></span> <span class='ocrx_word' id='word_1_70' title='bbox 858 2573 1056 2644; x_wconf 85' lang='grc' dir='ltr'><strong><em>προηγείται</em></strong></span> <span class='ocrx_word' id='word_1_71' title='bbox 1086 2552 1128 2624; x_wconf 88' lang='grc' dir='ltr'><strong><em>τό</em></strong></span> <span class='ocrx_word' id='word_1_72' title='bbox 1159 2545 1246 2642; x_wconf 79' lang='grc' dir='ltr'><strong><em>ἦθος</em></strong></span> <span class='ocrx_word' id='word_1_73' title='bbox 1276 2560 1350 2624; x_wconf 92' lang='grc' dir='ltr'><strong><em>τῶν</em></strong></span> <span class='ocrx_word' id='word_1_74' title='bbox 1375 2561 1451 2642; x_wconf 83' lang='grc' dir='ltr'><strong><em>περὶ</em></strong></span> 
     </span>
     <span class='ocr_line' id='line_1_11' title="bbox 137 2647 1451 2743; baseline 0.001 -19"><span class='ocrx_word' id='word_1_75' title='bbox 137 2653 204 2743; x_wconf 86' lang='grc' dir='ltr'><strong><em>τὴν</em></strong></span> <span class='ocrx_word' id='word_1_76' title='bbox 235 2650 463 2742; x_wconf 73' lang='grc' dir='ltr'><strong><em>ἀνθρωπίνην</em></strong></span> <span class='ocrx_word' id='word_1_77' title='bbox 493 2650 702 2725; x_wconf 85' lang='grc' dir='ltr'><strong><em>κατάστασιν</em></strong></span> <span class='ocrx_word' id='word_1_78' title='bbox 733 2657 1032 2743; x_wconf 86' lang='grc' dir='ltr'><strong><em>ίνθεωρουμένων,</em></strong></span> <span class='ocrx_word' id='word_1_79' title='bbox 1063 2653 1139 2724; x_wconf 75' lang='grc' dir='ltr'><strong><em>οἷον</em></strong></span> <span class='ocrx_word' id='word_1_80' title='bbox 1168 2651 1305 2743; x_wconf 82' lang='grc' dir='ltr'><strong><em>ἀφορμή</em></strong></span> <span class='ocrx_word' id='word_1_81' title='bbox 1335 2683 1387 2736; x_wconf 90' lang='grc' dir='ltr'><strong><em>τις</em></strong></span> <span class='ocrx_word' id='word_1_82' title='bbox 1410 2647 1451 2725; x_wconf 85' lang='grc' dir='ltr'><strong><em>όν</em></strong></span> 
     </span>
     <span class='ocr_line' id='line_1_12' title="bbox 137 2750 1452 2842; baseline 0 -18"><span class='ocrx_word' id='word_1_83' title='bbox 137 2758 337 2824; x_wconf 80' lang='grc' dir='ltr'><strong><em>σπουδαίων</em></strong></span> <span class='ocrx_word' id='word_1_84' title='bbox 357 2761 413 2824; x_wconf 88' lang='grc' dir='ltr'><strong><em>καὶ</em></strong></span> <span class='ocrx_word' id='word_1_85' title='bbox 435 2761 509 2823; x_wconf 91' lang='grc' dir='ltr'><strong><em>τῶν</em></strong></span> <span class='ocrx_word' id='word_1_86' title='bbox 531 2753 576 2842; x_wconf 82' lang='grc' dir='ltr'><strong><em>μὴ</em></strong></span> <span class='ocrx_word' id='word_1_87' title='bbox 599 2751 772 2826; x_wconf 82' lang='grc' dir='ltr'><strong><em>τοιούτων</em></strong></span> <span class='ocrx_word' id='word_1_88' title='bbox 793 2751 973 2842; x_wconf 82' lang='grc' dir='ltr'><strong><em>κινήσεων·</em></strong></span> <span class='ocrx_word' id='word_1_89' title='bbox 996 2750 1112 2840; x_wconf 78' lang='grc' dir='ltr'><strong><em>ἐπειδὴ</em></strong></span> <span class='ocrx_word' id='word_1_90' title='bbox 1134 2758 1170 2822; x_wconf 82' lang='grc' dir='ltr'><strong><em>δὲ</em></strong></span> <span class='ocrx_word' id='word_1_91' title='bbox 1192 2760 1266 2822; x_wconf 88' lang='grc' dir='ltr'><strong><em>τῶν</em></strong></span> <span class='ocrx_word' id='word_1_92' title='bbox 1280 2751 1452 2842; x_wconf 84' lang='grc' dir='ltr'><strong><em>κινήσεων</em></strong></span> 
     </span>
     <span class='ocr_line' id='line_1_13' title="bbox 136 2848 1450 2941; baseline -0.001 -18"><span class='ocrx_word' id='word_1_93' title='bbox 136 2857 174 2923; x_wconf 80' lang='grc' dir='ltr'><strong><em>αἳ</em></strong></span> <span class='ocrx_word' id='word_1_94' title='bbox 193 2859 258 2941; x_wconf 90' lang='grc' dir='ltr'><strong><em>μέν</em></strong></span> <span class='ocrx_word' id='word_1_95' title='bbox 279 2857 362 2922; x_wconf 81' lang='grc' dir='ltr'><strong><em>εἰσιν</em></strong></span> <span class='ocrx_word' id='word_1_96' title='bbox 385 2849 526 2939; x_wconf 75' lang='grc' dir='ltr'><strong><em>δράσεις,</em></strong></span> <span class='ocrx_word' id='word_1_97' title='bbox 549 2857 585 2922; x_wconf 81' lang='grc' dir='ltr'><strong><em>αἲ</em></strong></span> <span class='ocrx_word' id='word_1_98' title='bbox 605 2860 640 2924; x_wconf 88' lang='grc' dir='ltr'><strong><em>δὲ</em></strong></span> <span class='ocrx_word' id='word_1_99' title='bbox 660 2860 792 2934; x_wconf 84' lang='grc' dir='ltr'><strong><em>πείσεις,</em></strong></span> <span class='ocrx_word' id='word_1_100' title='bbox 814 2851 945 2940; x_wconf 81' lang='grc' dir='ltr'><strong><em>δράσεις</em></strong></span> <span class='ocrx_word' id='word_1_101' title='bbox 958 2858 1020 2940; x_wconf 79' lang='grc' dir='ltr'><strong><em>μὲν</em></strong></span> <span class='ocrx_word' id='word_1_102' title='bbox 1034 2855 1068 2920; x_wconf 83' lang='grc' dir='ltr'><strong><em>αἱ</em></strong></span> <span class='ocrx_word' id='word_1_103' title='bbox 1083 2849 1170 2921; x_wconf 86' lang='grc' dir='ltr'><strong><em>κατά</em></strong></span> <span class='ocrx_word' id='word_1_104' title='bbox 1186 2851 1227 2921; x_wconf 89' lang='grc' dir='ltr'><strong><em>τὸ</em></strong></span> <span class='ocrx_word' id='word_1_105' title='bbox 1241 2848 1450 2938; x_wconf 76' lang='grc' dir='ltr'><strong><em>αὐτοκρατὲς</em></strong></span> 
     </span>
     <span class='ocr_line' id='line_1_14' title="bbox 137 2946 1449 3041; baseline -0.002 -19"><span class='ocrx_word' id='word_1_106' title='bbox 137 2959 202 3023; x_wconf 87' lang='grc' dir='ltr'><strong><em>τοῦ</em></strong></span> <span class='ocrx_word' id='word_1_107' title='bbox 224 2957 260 3023; x_wconf 79' lang='grc' dir='ltr'><strong><em>ἐν</em></strong></span> <span class='ocrx_word' id='word_1_108' title='bbox 284 2949 364 3041; x_wconf 77' lang='grc' dir='ltr'><strong><em>ἡμῖν</em></strong></span> <span class='ocrx_word' id='word_1_109' title='bbox 385 2958 573 3040; x_wconf 77' lang='grc' dir='ltr'><strong><em>θειοτέρου,</em></strong></span> <span class='ocrx_word' id='word_1_110' title='bbox 605 2958 728 3034; x_wconf 80' lang='grc' dir='ltr'><strong><em>πείσεις</em></strong></span> <span class='ocrx_word' id='word_1_111' title='bbox 750 2957 786 3022; x_wconf 81' lang='grc' dir='ltr'><strong><em>δὲ</em></strong></span> <span class='ocrx_word' id='word_1_112' title='bbox 809 2954 939 3039; x_wconf 82' lang='grc' dir='ltr'><strong><em>αἱπερὶ</em></strong></span> <span class='ocrx_word' id='word_1_113' title='bbox 963 2949 1003 3022; x_wconf 88' lang='grc' dir='ltr'><strong><em>τό</em></strong></span> <span class='ocrx_word' id='word_1_114' title='bbox 1026 2946 1167 3030; x_wconf 85' lang='grc' dir='ltr'><strong><em>ἀσθενές</em></strong></span> <span class='ocrx_word' id='word_1_115' title='bbox 1190 2979 1225 3019; x_wconf 89' lang='grc' dir='ltr'><strong><em>τε</em></strong></span> <span class='ocrx_word' id='word_1_116' title='bbox 1248 2957 1302 3020; x_wconf 85' lang='grc' dir='ltr'><strong><em>καὶ</em></strong></span> <span class='ocrx_word' id='word_1_117' title='bbox 1324 2947 1449 3034; x_wconf 77' lang='grc' dir='ltr'><strong><em>ὑλικόν,</em></strong></span> 
     </span>
     <span class='ocr_line' id='line_1_15' title="bbox 83 3043 1449 3140; baseline -0.001 -18"><span class='ocrx_word' id='word_1_118' title='bbox 83 3073 116 3123; x_wconf 82' lang='lat'><strong><em>15</em></strong></span> <span class='ocrx_word' id='word_1_119' title='bbox 138 3047 281 3134; x_wconf 82' lang='grc' dir='ltr'><strong><em>εἰκότως</em></strong></span> <span class='ocrx_word' id='word_1_120' title='bbox 312 3057 374 3122; x_wconf 83' lang='grc' dir='ltr'><strong><em>νῦν</em></strong></span> <span class='ocrx_word' id='word_1_121' title='bbox 407 3050 447 3122; x_wconf 87' lang='grc' dir='ltr'><strong><em>τό</em></strong></span> <span class='ocrx_word' id='word_1_122' title='bbox 479 3043 565 3140; x_wconf 83' lang='grc' dir='ltr'><strong><em>ἦθος</em></strong></span> <span class='ocrx_word' id='word_1_123' title='bbox 586 3057 648 3139; x_wconf 81' lang='grc' dir='ltr'><strong><em>μὲν</em></strong></span> <span class='ocrx_word' id='word_1_124' title='bbox 668 3057 902 3138; x_wconf 79' lang='grc' dir='ltr'><strong><em>προτέτακται</em></strong></span> <span class='ocrx_word' id='word_1_125' title='bbox 929 3043 987 3122; x_wconf 82' lang='grc' dir='ltr'><strong><em>άτε</em></strong></span> <span class='ocrx_word' id='word_1_126' title='bbox 1012 3056 1086 3119; x_wconf 89' lang='grc' dir='ltr'><strong><em>τῶν</em></strong></span> <span class='ocrx_word' id='word_1_127' title='bbox 1107 3047 1266 3138; x_wconf 76' lang='grc' dir='ltr'><strong><em>πράξεων</em></strong></span> <span class='ocrx_word' id='word_1_128' title='bbox 1287 3045 1449 3133; x_wconf 80' lang='grc' dir='ltr'><strong><em>ἀπόθεσις</em></strong></span> 
     </span>
     <span class='ocr_line' id='line_1_16' title="bbox 137 3144 1449 3240; baseline 0 -20"><span class='ocrx_word' id='word_1_129' title='bbox 137 3144 189 3234; x_wconf 83' lang='grc' dir='ltr'><strong><em>ὄν,</em></strong></span> <span class='ocrx_word' id='word_1_130' title='bbox 222 3147 407 3240; x_wconf 76' lang='grc' dir='ltr'><strong><em>δποβέβηκε</em></strong></span> <span class='ocrx_word' id='word_1_131' title='bbox 438 3157 474 3221; x_wconf 81' lang='grc' dir='ltr'><strong><em>δὲ</em></strong></span> <span class='ocrx_word' id='word_1_132' title='bbox 506 3150 568 3232; x_wconf 86' lang='grc' dir='ltr'><strong><em>τὰς</em></strong></span> <span class='ocrx_word' id='word_1_133' title='bbox 598 3147 736 3239; x_wconf 76' lang='grc' dir='ltr'><strong><em>πράξεις</em></strong></span> <span class='ocrx_word' id='word_1_134' title='bbox 762 3147 925 3240; x_wconf 83' lang='grc' dir='ltr'><strong><em>τὰπάθη</em></strong></span> <span class='ocrx_word' id='word_1_135' title='bbox 956 3145 1004 3232; x_wconf 89' lang='grc' dir='ltr'><strong><em>ῶς</em></strong></span> <span class='ocrx_word' id='word_1_136' title='bbox 1027 3151 1248 3237; x_wconf 76' lang='grc' dir='ltr'><strong><em>ῥυθμίζεσθαι</em></strong></span> <span class='ocrx_word' id='word_1_137' title='bbox 1269 3145 1449 3235; x_wconf 74' lang='grc' dir='ltr'><strong><em>πεφυκότα</em></strong></span> 
     </span>
     <span class='ocr_line' id='line_1_17' title="bbox 136 3246 369 3340; baseline -0.009 -20"><span class='ocrx_word' id='word_1_138' title='bbox 136 3258 188 3340; x_wconf 83' lang='grc' dir='ltr'><strong><em>τῷ</em></strong></span> <span class='ocrx_word' id='word_1_139' title='bbox 210 3246 313 3337; x_wconf 86' lang='grc' dir='ltr'><strong><em>λόγῳ.</em></strong></span> <span class='ocrx_word' id='word_1_140' title='bbox 336 3255 369 3318; x_wconf 86' lang='grc' dir='ltr'><strong>Μ</strong></span> 
     </span>
     <span class='ocr_line' id='line_1_18' title="bbox 220 3345 1269 3439; baseline -0.004 -19"><span class='ocrx_word' id='word_1_141' title='bbox 220 3361 270 3434; x_wconf 86' lang='grc'><strong><em>90,</em></strong></span> <span class='ocrx_word' id='word_1_142' title='bbox 293 3363 311 3418; x_wconf 80' lang='grc'><strong>5</strong></span> <span class='ocrx_word' id='word_1_143' title='bbox 335 3345 576 3439; x_wconf 76' lang='grc' dir='ltr'><strong><em>ἀπορνύμενοι]</em></strong></span> <span class='ocrx_word' id='word_1_144' title='bbox 602 3345 678 3421; x_wconf 84' lang='grc' dir='ltr'><strong><em>ἀντὶ</em></strong></span> <span class='ocrx_word' id='word_1_145' title='bbox 701 3346 928 3438; x_wconf 87' lang='grc' dir='ltr'><strong><em>ἀπωσάμενοι,</em></strong></span> <span class='ocrx_word' id='word_1_146' title='bbox 952 3345 1214 3438; x_wconf 81' lang='grc' dir='ltr'><strong><em>ἀπορρίψαντες.</em></strong></span> <span class='ocrx_word' id='word_1_147' title='bbox 1235 3353 1269 3416; x_wconf 87' lang='grc' dir='ltr'>Μ</span> 
     </span>
     <span class='ocr_line' id='line_1_19' title="bbox 220 3444 1447 3540; baseline -0.002 -20"><span class='ocrx_word' id='word_1_148' title='bbox 220 3459 269 3526; x_wconf 87' lang='grc'><strong><em>90,</em></strong></span> <span class='ocrx_word' id='word_1_149' title='bbox 292 3455 349 3521; x_wconf 84' lang='lat' dir='ltr'><strong><em>8ff</em></strong></span> <span class='ocrx_word' id='word_1_150' title='bbox 367 3444 385 3518; x_wconf 87' lang='grc' dir='ltr'><strong><em>ό</em></strong></span> <span class='ocrx_word' id='word_1_151' title='bbox 407 3449 659 3538; x_wconf 88' lang='grc' dir='ltr'><strong><em>προτρεπτικὸς</em></strong></span> <span class='ocrx_word' id='word_1_152' title='bbox 679 3444 780 3537; x_wconf 87' lang='grc' dir='ltr'><strong><em>λόγος</em></strong></span> <span class='ocrx_word' id='word_1_153' title='bbox 800 3449 936 3540; x_wconf 82' lang='grc' dir='ltr'><strong><em>περὶτὰ</em></strong></span> <span class='ocrx_word' id='word_1_154' title='bbox 959 3446 1028 3539; x_wconf 80' lang='grc' dir='ltr'><strong><em>ἢθη</em></strong></span> <span class='ocrx_word' id='word_1_155' title='bbox 1051 3445 1326 3536; x_wconf 76' lang='grc' dir='ltr'><strong><em>ἐνστρεηόμενος,</em></strong></span> <span class='ocrx_word' id='word_1_156' title='bbox 1350 3459 1447 3536; x_wconf 85' lang='grc' dir='ltr'><strong><em>θεμε-</em></strong></span> 
     </span>
     <span class='ocr_line' id='line_1_20' title="bbox 83 3543 1448 3640; baseline 0.002 -23"><span class='ocrx_word' id='word_1_157' title='bbox 83 3565 118 3618; x_wconf 78' lang='lat'><strong><em>20</em></strong></span> <span class='ocrx_word' id='word_1_158' title='bbox 137 3555 212 3619; x_wconf 86' lang='grc' dir='ltr'><strong><em>λίου</em></strong></span> <span class='ocrx_word' id='word_1_159' title='bbox 234 3543 256 3636; x_wconf 80' lang='grc' dir='ltr'>ἢ</span> <span class='ocrx_word' id='word_1_160' title='bbox 280 3547 442 3635; x_wconf 88' lang='grc' dir='ltr'><strong><em>τρόπιδος</em></strong></span> <span class='ocrx_word' id='word_1_161' title='bbox 464 3545 562 3634; x_wconf 75' lang='grc' dir='ltr'><strong><em>τάξιν</em></strong></span> <span class='ocrx_word' id='word_1_162' title='bbox 584 3553 714 3638; x_wconf 81' lang='grc' dir='ltr'><strong><em>ἐπέχων</em></strong></span> <span class='ocrx_word' id='word_1_163' title='bbox 735 3547 822 3638; x_wconf 86' lang='grc' dir='ltr'><strong><em>πρὸς</em></strong></span> <span class='ocrx_word' id='word_1_164' title='bbox 843 3550 908 3640; x_wconf 85' lang='grc' dir='ltr'><strong><em>τὴν</em></strong></span> <span class='ocrx_word' id='word_1_165' title='bbox 924 3555 985 3639; x_wconf 81' lang='grc' dir='ltr'><strong><em>τῆς</em></strong></span> <span class='ocrx_word' id='word_1_166' title='bbox 1000 3545 1164 3633; x_wconf 74' lang='grc' dir='ltr'><strong><em>εὐσεβείας</em></strong></span> <span class='ocrx_word' id='word_1_167' title='bbox 1178 3545 1448 3636; x_wconf 78' lang='grc' dir='ltr'><strong><em>ἐποικοδόμησεν.</em></strong></span> 
     </span>
     <span class='ocr_line' id='line_1_21' title="bbox 137 3643 1449 3738; baseline 0 -22"><span class='ocrx_word' id='word_1_168' title='bbox 137 3653 201 3736; x_wconf 83' lang='grc' dir='ltr'><strong><em>ἔχει</em></strong></span> <span class='ocrx_word' id='word_1_169' title='bbox 224 3645 446 3734; x_wconf 80' lang='grc' dir='ltr'><strong><em>συλλήπτορα</em></strong></span> <span class='ocrx_word' id='word_1_170' title='bbox 467 3645 554 3736; x_wconf 88' lang='grc' dir='ltr'><strong><em>πρὸς</em></strong></span> <span class='ocrx_word' id='word_1_171' title='bbox 576 3649 637 3729; x_wconf 87' lang='grc' dir='ltr'><strong><em>τὰς</em></strong></span> <span class='ocrx_word' id='word_1_172' title='bbox 658 3644 794 3738; x_wconf 75' lang='grc' dir='ltr'><strong><em>πράξεις</em></strong></span> <span class='ocrx_word' id='word_1_173' title='bbox 817 3649 880 3720; x_wconf 84' lang='grc' dir='ltr'><strong><em>τὸν</em></strong></span> <span class='ocrx_word' id='word_1_174' title='bbox 895 3643 1115 3730; x_wconf 74' lang='grc' dir='ltr'><strong><em>όποθετικόν,</em></strong></span> <span class='ocrx_word' id='word_1_175' title='bbox 1137 3646 1225 3734; x_wconf 78' lang='grc' dir='ltr'><strong><em>πρὸς</em></strong></span> <span class='ocrx_word' id='word_1_176' title='bbox 1240 3654 1274 3717; x_wconf 83' lang='grc' dir='ltr'><strong><em>δὲ</em></strong></span> <span class='ocrx_word' id='word_1_177' title='bbox 1290 3647 1333 3718; x_wconf 82' lang='grc' dir='ltr'><strong><em>τὰ</em></strong></span> <span class='ocrx_word' id='word_1_178' title='bbox 1350 3644 1449 3736; x_wconf 87' lang='grc' dir='ltr'><strong><em>πάθη</em></strong></span> 
     </span>
     <span class='ocr_line' id='line_1_22' title="bbox 135 3744 1448 3838; baseline 0.002 -20"><span class='ocrx_word' id='word_1_179' title='bbox 135 3746 200 3818; x_wconf 87' lang='grc' dir='ltr'><strong><em>τόν</em></strong></span> <span class='ocrx_word' id='word_1_180' title='bbox 222 3744 516 3837; x_wconf 87' lang='grc' dir='ltr'><strong><em>παραμυθητικόν.</em></strong></span> <span class='ocrx_word' id='word_1_181' title='bbox 561 3756 668 3836; x_wconf 80' lang='grc' dir='ltr'><strong><em>τριῶν</em></strong></span> <span class='ocrx_word' id='word_1_182' title='bbox 690 3748 753 3838; x_wconf 84' lang='grc' dir='ltr'><strong><em>γὰρ</em></strong></span> <span class='ocrx_word' id='word_1_183' title='bbox 776 3753 1066 3838; x_wconf 77' lang='grc' dir='ltr'><strong><em>ἐνθεωρουμένων</em></strong></span> <span class='ocrx_word' id='word_1_184' title='bbox 1080 3755 1157 3833; x_wconf 85' lang='grc' dir='ltr'><strong><em>περὶ</em></strong></span> <span class='ocrx_word' id='word_1_185' title='bbox 1173 3747 1236 3818; x_wconf 86' lang='grc' dir='ltr'><strong><em>τὸν</em></strong></span> <span class='ocrx_word' id='word_1_186' title='bbox 1251 3747 1448 3836; x_wconf 80' lang='grc' dir='ltr'><strong><em>ἄνθρωπον,</em></strong></span> 
     </span>
     <span class='ocr_line' id='line_1_23' title="bbox 137 3843 1449 3936; baseline -0.002 -20"><span class='ocrx_word' id='word_1_187' title='bbox 137 3845 248 3936; x_wconf 82' lang='grc' dir='ltr'><strong><em>ἦθῶν,</em></strong></span> <span class='ocrx_word' id='word_1_188' title='bbox 271 3845 438 3935; x_wconf 78' lang='grc' dir='ltr'><strong><em>πράξεων,</em></strong></span> <span class='ocrx_word' id='word_1_189' title='bbox 461 3857 600 3932; x_wconf 88' lang='grc' dir='ltr'><strong><em>παθῶν,</em></strong></span> <span class='ocrx_word' id='word_1_190' title='bbox 623 3844 755 3936; x_wconf 75' lang='grc' dir='ltr'><strong><em>ἑκάστῳ</em></strong></span> <span class='ocrx_word' id='word_1_191' title='bbox 781 3847 918 3919; x_wconf 78' lang='grc' dir='ltr'><strong><em>τοότων</em></strong></span> <span class='ocrx_word' id='word_1_192' title='bbox 934 3843 952 3919; x_wconf 87' lang='grc' dir='ltr'><strong><em>ό</em></strong></span> <span class='ocrx_word' id='word_1_193' title='bbox 968 3845 1187 3935; x_wconf 83' lang='grc' dir='ltr'><strong><em>παιδαγωγός</em></strong></span> <span class='ocrx_word' id='word_1_194' title='bbox 1210 3843 1311 3934; x_wconf 85' lang='grc' dir='ltr'><strong><em>λόγος</em></strong></span> <span class='ocrx_word' id='word_1_195' title='bbox 1333 3847 1380 3928; x_wconf 79' lang='grc' dir='ltr'><strong><em>είς</em></strong></span> <span class='ocrx_word' id='word_1_196' title='bbox 1394 3853 1449 3914; x_wconf 84' lang='grc' dir='ltr'><strong><em>καὶ</em></strong></span> 
     </span>
     <span class='ocr_line' id='line_1_24' title="bbox 135 3939 1450 4039; baseline -0.002 -23"><span class='ocrx_word' id='word_1_197' title='bbox 135 3943 154 4016; x_wconf 85' lang='grc' dir='ltr'>ὁ</span> <span class='ocrx_word' id='word_1_198' title='bbox 178 3943 281 4028; x_wconf 78' lang='grc' dir='ltr'><strong><em>αὐτὸς</em></strong></span> <span class='ocrx_word' id='word_1_199' title='bbox 303 3939 355 4017; x_wconf 81' lang='grc' dir='ltr'><strong><em>άιν</em></strong></span> <span class='ocrx_word' id='word_1_200' title='bbox 376 3955 420 4035; x_wconf 82' lang='grc' dir='ltr'><strong><em>τῇ</em></strong></span> <span class='ocrx_word' id='word_1_201' title='bbox 441 3957 533 4039; x_wconf 83' lang='grc' dir='ltr'><strong><em>χρείᾳ</em></strong></span> <span class='ocrx_word' id='word_1_202' title='bbox 555 3943 882 4037; x_wconf 74' lang='grc' dir='ltr'><strong><em>συσχηματιζόμενος</em></strong></span> <span class='ocrx_word' id='word_1_203' title='bbox 904 3949 993 4038; x_wconf 85' lang='grc' dir='ltr'><strong><em>πρὸς</em></strong></span> <span class='ocrx_word' id='word_1_204' title='bbox 1021 3955 1202 4032; x_wconf 84' lang='grc' dir='ltr'><strong><em>βελτίωσιν</em></strong></span> <span class='ocrx_word' id='word_1_205' title='bbox 1226 3942 1450 4033; x_wconf 85' lang='grc' dir='ltr'><strong><em>καταλλὴλως</em></strong></span> 
     </span>
     <span class='ocr_line' id='line_1_25' title="bbox 83 4041 1450 4137; baseline -0.001 -24"><span class='ocrx_word' id='word_1_206' title='bbox 83 4059 116 4113; x_wconf 76' lang='grc'><strong><em>25</em></strong></span> <span class='ocrx_word' id='word_1_207' title='bbox 134 4045 352 4136; x_wconf 79' lang='grc' dir='ltr'><strong><em>έναρμόζεται</em></strong></span> <span class='ocrx_word' id='word_1_208' title='bbox 374 4066 447 4129; x_wconf 80' lang='grc' dir='ltr'><strong><em>τοῖς</em></strong></span> <span class='ocrx_word' id='word_1_209' title='bbox 470 4055 565 4136; x_wconf 86' lang='grc' dir='ltr'><strong><em>τρισί,</em></strong></span> <span class='ocrx_word' id='word_1_210' title='bbox 590 4066 661 4128; x_wconf 78' lang='grc' dir='ltr'><strong><em>τοῖς</em></strong></span> <span class='ocrx_word' id='word_1_211' title='bbox 685 4045 780 4137; x_wconf 77' lang='grc' dir='ltr'><strong><em>ἤθεσι</em></strong></span> <span class='ocrx_word' id='word_1_212' title='bbox 804 4053 867 4136; x_wconf 82' lang='grc' dir='ltr'><strong><em>μὲν</em></strong></span> <span class='ocrx_word' id='word_1_213' title='bbox 889 4053 1164 4136; x_wconf 83' lang='grc' dir='ltr'><strong><em>προτρεπτικῶς,</em></strong></span> <span class='ocrx_word' id='word_1_214' title='bbox 1196 4065 1269 4128; x_wconf 82' lang='grc' dir='ltr'><strong><em>ταῖς</em></strong></span> <span class='ocrx_word' id='word_1_215' title='bbox 1290 4041 1450 4132; x_wconf 73' lang='grc' dir='ltr'><strong><em>πράξεσιν</em></strong></span> 
     </span>
     <span class='ocr_line' id='line_1_26' title="bbox 135 4138 1450 4237; baseline -0.004 -21"><span class='ocrx_word' id='word_1_216' title='bbox 135 4153 171 4217; x_wconf 78' lang='grc' dir='ltr'><strong><em>δὲ</em></strong></span> <span class='ocrx_word' id='word_1_217' title='bbox 193 4143 419 4228; x_wconf 76' lang='grc' dir='ltr'><strong><em>ὑποθετικῶς,</em></strong></span> <span class='ocrx_word' id='word_1_218' title='bbox 443 4166 515 4229; x_wconf 84' lang='grc' dir='ltr'><strong><em>τοῖς</em></strong></span> <span class='ocrx_word' id='word_1_219' title='bbox 537 4143 570 4217; x_wconf 81' lang='grc' dir='ltr'><strong><em>δ’</em></strong></span> <span class='ocrx_word' id='word_1_220' title='bbox 586 4140 627 4217; x_wconf 81' lang='grc' dir='ltr'><strong><em>αὖ</em></strong></span> <span class='ocrx_word' id='word_1_221' title='bbox 642 4145 790 4218; x_wconf 88' lang='grc' dir='ltr'><strong><em>πάθεσιν</em></strong></span> <span class='ocrx_word' id='word_1_222' title='bbox 805 4155 1104 4237; x_wconf 83' lang='grc' dir='ltr'><strong><em>παραμυθητικῶς.</em></strong></span> <span class='ocrx_word' id='word_1_223' title='bbox 1128 4143 1168 4217; x_wconf 83' lang='grc' dir='ltr'><strong><em>δι’</em></strong></span> <span class='ocrx_word' id='word_1_224' title='bbox 1186 4139 1279 4232; x_wconf 78' lang='grc' dir='ltr'><strong><em>ὅπερ,</em></strong></span> <span class='ocrx_word' id='word_1_225' title='bbox 1303 4138 1362 4214; x_wconf 86' lang='grc' dir='ltr'><strong><em>ότε</em></strong></span> <span class='ocrx_word' id='word_1_226' title='bbox 1376 4161 1450 4224; x_wconf 88' lang='grc' dir='ltr'><strong><em>τοῖς</em></strong></span> 
     </span>
     <span class='ocr_line' id='line_1_27' title="bbox 136 4239 1450 4336; baseline -0.005 -20"><span class='ocrx_word' id='word_1_227' title='bbox 136 4243 234 4334; x_wconf 82' lang='grc' dir='ltr'><strong><em>ἤθεσι</em></strong></span> <span class='ocrx_word' id='word_1_228' title='bbox 257 4255 430 4334; x_wconf 86' lang='grc' dir='ltr'><strong><em>σωτηρίως</em></strong></span> <span class='ocrx_word' id='word_1_229' title='bbox 453 4251 685 4336; x_wconf 81' lang='grc' dir='ltr'><strong><em>έμωιλοχωρεῑ,</em></strong></span> <span class='ocrx_word' id='word_1_230' title='bbox 708 4249 960 4336; x_wconf 81' lang='grc' dir='ltr'><strong><em>προτρεπτικὸς</em></strong></span> <span class='ocrx_word' id='word_1_231' title='bbox 983 4243 1003 4335; x_wconf 72' lang='grc' dir='ltr'>ἢ</span> <span class='ocrx_word' id='word_1_232' title='bbox 1025 4245 1277 4334; x_wconf 86' lang='grc' dir='ltr'><strong><em>παρακλητικός</em></strong></span> <span class='ocrx_word' id='word_1_233' title='bbox 1293 4239 1450 4330; x_wconf 76' lang='grc' dir='ltr'><strong><em>ὀνομάζε-</em></strong></span> 
     </span>
     <span class='ocr_line' id='line_1_28' title="bbox 136 4339 1448 4436; baseline -0.006 -18"><span class='ocrx_word' id='word_1_234' title='bbox 136 4375 203 4430; x_wconf 89' lang='grc' dir='ltr'><strong><em>ται,</em></strong></span> <span class='ocrx_word' id='word_1_235' title='bbox 226 4339 285 4416; x_wconf 80' lang='grc' dir='ltr'><strong><em>ὅτε</em></strong></span> <span class='ocrx_word' id='word_1_236' title='bbox 308 4351 343 4416; x_wconf 77' lang='grc' dir='ltr'><strong><em>δὲ</em></strong></span> <span class='ocrx_word' id='word_1_237' title='bbox 358 4367 431 4428; x_wconf 79' lang='grc' dir='ltr'><strong><em>ταῖς</em></strong></span> <span class='ocrx_word' id='word_1_238' title='bbox 447 4345 615 4435; x_wconf 74' lang='grc' dir='ltr'><strong><em>πράξεσιν,</em></strong></span> <span class='ocrx_word' id='word_1_239' title='bbox 636 4344 845 4429; x_wconf 80' lang='grc' dir='ltr'><strong><em>όποθετικὸς</em></strong></span> <span class='ocrx_word' id='word_1_240' title='bbox 862 4345 882 4436; x_wconf 73' lang='grc' dir='ltr'><em>ἢ</em></span> <span class='ocrx_word' id='word_1_241' title='bbox 899 4342 1151 4436; x_wconf 86' lang='grc' dir='ltr'><strong><em>θεραπευτικός,</em></strong></span> <span class='ocrx_word' id='word_1_242' title='bbox 1172 4349 1226 4414; x_wconf 79' lang='grc' dir='ltr'><strong><em>ἐπὶ</em></strong></span> <span class='ocrx_word' id='word_1_243' title='bbox 1242 4349 1278 4414; x_wconf 79' lang='grc' dir='ltr'><strong><em>δὲ</em></strong></span> <span class='ocrx_word' id='word_1_244' title='bbox 1295 4339 1448 4429; x_wconf 86' lang='grc' dir='ltr'><strong><em>τὰπάθη</em></strong></span> 
     </span>
     <span class='ocr_line' id='line_1_29' title="bbox 135 4439 1449 4535; baseline -0.005 -19"><span class='ocrx_word' id='word_1_245' title='bbox 135 4443 430 4534; x_wconf 88' lang='grc' dir='ltr'><strong><em>μεταταττόμενος</em></strong></span> <span class='ocrx_word' id='word_1_246' title='bbox 452 4443 741 4535; x_wconf 83' lang='grc' dir='ltr'><strong><em>παραμυθητικός.</em></strong></span> <span class='ocrx_word' id='word_1_247' title='bbox 784 4449 922 4520; x_wconf 76' lang='grc' dir='ltr'><strong><em>ἐπειδὰν</em></strong></span> <span class='ocrx_word' id='word_1_248' title='bbox 944 4439 1006 4517; x_wconf 79' lang='grc' dir='ltr'><strong><em>οὖν</em></strong></span> <span class='ocrx_word' id='word_1_249' title='bbox 1032 4445 1118 4533; x_wconf 86' lang='grc' dir='ltr'><strong><em>πρὸς</em></strong></span> <span class='ocrx_word' id='word_1_250' title='bbox 1140 4443 1206 4532; x_wconf 74' lang='grc' dir='ltr'><strong><em>τὴν</em></strong></span> <span class='ocrx_word' id='word_1_251' title='bbox 1229 4449 1449 4530; x_wconf 87' lang='grc' dir='ltr'><strong><em>μεταχείρισιν</em></strong></span> 
     </span>
    </p>
   </div>
   <div class='ocr_carea' id='block_1_5' title="bbox 156 4632 752 4703">
    <p class='ocr_par' dir='ltr' id='par_1_5' title="bbox 156 4632 752 4703">
     <span class='ocr_line' id='line_1_30' title="bbox 156 4632 752 4703; baseline -0.003 -15"><span class='ocrx_word' id='word_1_252' title='bbox 156 4655 159 4660; x_wconf 96' lang='grc'><strong><em>·</em></strong></span> <span class='ocrx_word' id='word_1_253' title='bbox 222 4634 261 4688; x_wconf 75' lang='lat'><strong><em>⁶20</em></strong></span> <span class='ocrx_word' id='word_1_254' title='bbox 277 4632 412 4703; x_wconf 84' lang='grc' dir='ltr'><strong><em>τρόπιδος</em></strong></span> <span class='ocrx_word' id='word_1_255' title='bbox 430 4633 471 4686; x_wconf 78' lang='grc' dir='ltr'><strong><em>Μ2</em></strong></span> <span class='ocrx_word' id='word_1_256' title='bbox 488 4633 587 4702; x_wconf 81' lang='grc' dir='ltr'><strong><em>τρόπις</em></strong></span> <span class='ocrx_word' id='word_1_257' title='bbox 605 4673 612 4686; x_wconf 94' lang='grc'><strong>.</strong></span> <span class='ocrx_word' id='word_1_258' title='bbox 632 4675 637 4686; x_wconf 96' lang='grc'>.</span> <span class='ocrx_word' id='word_1_259' title='bbox 657 4675 663 4687; x_wconf 93' lang='grc'><strong>.</strong></span> <span class='ocrx_word' id='word_1_260' title='bbox 682 4674 687 4684; x_wconf 95' lang='grc'>.</span> <span class='ocrx_word' id='word_1_261' title='bbox 707 4633 752 4686; x_wconf 79' lang='lat' dir='ltr'><strong><em>M*</em></strong></span> 
     </span>
    </p>
   </div>
   <div class='ocr_carea' id='block_1_6' title="bbox 0 0 1764 5480">
    <p class='ocr_par' dir='ltr' id='par_1_6' title="bbox 0 0 1764 5480">
     <span class='ocr_line' id='line_1_31' title="bbox 0 0 1764 5480; baseline 0 0"><span class='ocrx_word' id='word_1_262' title='bbox 0 0 1764 5480; x_wconf 95' lang='lat' dir='ltr'><strong><em> </em></strong></span> 
     </span>
    </p>
   </div>
  </div>
 </body>
</html>
