3520 5480
324 421 384 484 270
918 413 1050 468 Clemens.

325 585 398 668 θεῶ
422 583 457 648 δὲ
480 581 780 666 είσπεποιημὲνοις.
825 573 876 648 διό
898 583 954 647 καὶ
976 573 1095 648 στάσιν
1116 585 1172 646 καὶ
1192 585 1325 663 κίνησιν
1346 581 1400 646 καὶ
1420 573 1568 664 βάδισμα
1588 583 1640 646 καὶ
1654 589 1707 643 541

326 682 456 767 ἐσθῆτα
478 681 533 748 καί
555 672 767 763 ἁπαξαπλῶς
789 673 851 746 τὸν
873 672 988 748 πάντα
1008 685 1085 761 βίον
1107 669 1163 747 ότι
1183 673 1329 763 μάλιστα
1343 675 1641 762 ἐλευθεριώτατον

327 781 578 864 ἐπαναιρετέον.
623 773 709 848 ἀλλά
731 781 786 846 καὶ
809 775 873 847 τόν
895 774 1078 848 δακτύλιον
1094 771 1156 846 οάκ
1170 771 1222 846 ἐπ’
1237 774 1360 864 ἀρθρῳ
1376 781 1555 862 φορητέον
1570 793 1642 856 τοῖς
1730 793 1731 864 Ι

327 872 467 964 ἀνδράσι
490 881 696 964 (γυναικεῖον
717 873 780 964 γὰρ
802 881 930 963 τοῦτο),
962 880 1007 957 είς
1038 878 1074 943 δε
1106 871 1171 945 τόν
1199 873 1320 966 μικρὸν
1343 871 1523 957 δάκτυλον,
1554 880 1559 963 Ι
1587 883 1719 946 zai-361²

293 989 309 1043 5
328 975 456 1048 τούτου
477 981 523 1058 είς
545 967 736 1095 τράσχατον
758 980 927 1046 καθιέναι·
970 976 1064 1046 ἐσται
1085 973 1148 1064 γάρ
1170 967 1280 1056 οὕτως
1302 969 1436 1063 εάερχῆς
1459 971 1479 1060 ῆ
1501 981 1584 1062 χείρ
1605 979 1640 1044 ἐν

327 1072 443 1157 οίς’
401 1081 505 1164 αυτῆς
528 1072 686 1165 δεόμεθα·
722 1081 777 1146 καὶ
800 1071 840 1146 06
862 1075 969 1167 ῥᾷστα
992 1069 1011 1146 ό
1031 1072 1203 1163 σημαντὴρ
1217 1070 1437 1144 ἀκοπεσεῖται
1428 1101 1496 1194 ιτη
1480 1080 1638 1160 ’μείζονι
1731 1139 1732 1160 Ι

327 1182 389 1248 τοῦ
421 1174 553 1295 ἄρθρου
583 1181 733 1246 συνδέσει
764 1172 1032 1263 φυλαττόμενος.
1079 1174 1112 1242 αί
1143 1177 1179 1244 δὲ
1210 1178 1387 1262 σφραγῖδες
1418 1167 1497 1296 ἡμῖν
1529 1174 1668 1243 έστωνλ

327 1273 463 1356 πελειάς
485 1270 504 1362 6
499 1270 669 1363 ίχθυς
646 1302 667 1363 η
693 1279 774 1357 ναῦς
804 1269 1115 1362 οάριοδρομοῠσα
1093 1301 1113 1362 η
1138 1271 1223 1360 λύρα
1251 1269 1406 1361 μουσική,
1437 1265 1640 1362 ῆκέχρηται

327 1369 602 1495 Πολυκράτης]
622 1401 750 1462 αγκυρα
773 1370 923 1462 ναυτική,
945 1369 988 1461 ῆν
1003 1378 1173 1457 Σέλευκος
1194 1369 1438 1492 ἐνεχαράττετο
1460 1401 1502 1461 τη
1487 1379 1640 1461 γλυφῆ,

276 1483 310 1540 10
326 1471 391 1544 κάν
413 1468 561 1544 ἀλιεόων
583 1465 687 1560 τιςῆ,
719 1469 916 1595 ἀποστόλου
946 1469 1148 1594 μεμνήσεται
1178 1478 1233 1544 καὶ
1264 1478 1337 1544 τῶν
1359 1475 1393 1558 ἐξ
1414 1463 1587 1554 ἀδατος’
1566 1501 1641 1580 ανα-
1732 1501 1733 1538 z

328 1578 520 1661 σπωμένων
541 1578 637 1644 παιδί
625 1581 703 1644 ί·ων
746 1569 787 1644 οδ
808 1570 870 1661 γάρ
893 1572 1047 1644 είδῶλων
1068 1569 1237 1662 πρόσωπα
1258 1575 1568 1654 ἐνακοτυπωτέον,
1593 1585 1640 1653 οίς

327 1671 445 1743 καὶτὸ
476 1677 654 1760 προσέχειν
685 1666 873 1761 ἀπείρηται,
905 1667 983 1744 οὐδὲ
1014 1671 1080 1762 μὴν
1111 1667 1251 1759 ξίφος
1230 1666 1250 1760 ῆ
1274 1666 1335 1756 τόξ
1336 1699 1377 1741 ον
1408 1688 1481 1754 τοῖς
1505 1669 1639 1762 εἰρήνην

328 1769 508 1842 διώκουσιν
531 1767 552 1859 6
574 1770 725 1844 κύπελλα
747 1791 820 1853 τοῖς
842 1777 1091 1860 σωφρονοῦσιν.
1133 1778 1257 1842 πολλοὶ
1279 1775 1315 1840 δὲ
1338 1776 1411 1840 τῶν
1434 1765 1639 1842 ἀκολάστων
1655 1785 1706 1848 συί

327 1875 612 1960 ἐγγεγλυμμένους
644 1873 754 1960 έχουσι
776 1871 856 1951 τοὺς
878 1875 1066 1960 ἐρωμένους
1088 1865 1109 1958 6
1133 1869 1193 1952 τάς
1216 1871 1362 1960 ἑταίρας,
1395 1865 1443 1950 ῶς
1462 1875 1548 1958 μηδὲ
1570 1875 1639 1942 ἐθε-
1733 1862 1734 1874 ’

277 1981 309 2034 15
327 1968 468 2060 λήσασιν
500 1967 616 2054 αὐτοῖς
649 1969 763 2061 λήθην
793 1975 878 2040 ποτὲ
909 1973 1103 2057 ἐγγενέσθαι
1140 1975 1330 2060 δυνηθῆναι
1358 1975 1432 2039 τῶν
1463 1973 1639 2054 ἐρωτικῶν

327 2068 549 2160 παθημάτων
571 2070 626 2142 διά
648 2070 713 2161 τῆν
735 2073 890 2158 ἐνδελεχῆ
914 2075 974 2157 τῆς
998 2066 1179 2151 ἀκολασίας
1199 2066 1397 2158 ὑπόμνησιν.

414 2179 543 2260 Τριχῶν
565 2176 600 2242 δὲ
622 2177 698 2259 πέρι
721 2168 828 2256 ταύτῃ
852 2176 954 2240 δοκεῖ·
998 2167 1081 2258 φιλῆ
1110 2177 1173 2258 μὲν
1200 2165 1220 2258 ῆ
1243 2175 1316 2239 τῶν
1338 2165 1475 2256 ἀνδρῶν
1496 2167 1670 2258 κεφαλήν

326 2269 419 2358 πλὴν
441 2269 535 2359 εἰμὴ
558 2263 662 2353 οάλας
684 2273 754 2358 ἔχοι
777 2269 838 2352 τὰς
860 2277 985 2356 τρίχας,
1010 2266 1128 2341 λάσιον
1150 2273 1185 2339 δὲ
1208 2266 1248 2340 τό
1271 2273 1410 2357 γένειον,
1434 2271 1468 2338 αἱ
1489 2274 1528 2338 δὲ
1551 2295 1638 2340 ουνε-
1734 2295 1735 2300 ’

328 2375 533 2458 στραμμέναι
555 2377 629 2440 τῶν
651 2375 778 2458 τριχῶν
801 2365 869 2439 ἀπὸ
892 2374 953 2456 τῆς
975 2375 1124 2458 κεφαλῆς
1146 2366 1190 2457 μὴ
1204 2373 1467 2438 καθικέσθωσαν
1485 2366 1574 2456 ἄγαν
1595 2371 1639 2448 είς

274 2483 310 2538 20
327 2464 524 2556 πλοκάμους
543 2477 869 2540 κατολισθαίνουσαι
885 2477 1107 2556 γυναικείους·
1130 2463 1263 2557 ἀπόχρη
1284 2465 1346 2556 γάρ
1367 2466 1409 2538 τό
1427 2461 1670 2556 »ἧυγένειονιὲῖ

327 2587 401 2650 τοῖς
423 2564 595 2658 ἀνδράσιν.
638 2573 666 2638 εί
697 2573 734 2638 δέ
754 2597 806 2649 τις
828 2573 881 2637 καὶ
905 2566 1054 2654 κείραιτό
1077 2598 1110 2639 τι
1133 2575 1196 2640 τοῦ
1210 2573 1354 2656 γενείου,
1377 2561 1417 2637 06
1438 2571 1559 2654 μέντοι
1581 2595 1638 2655 πα,-

327 2675 436 2751 τελῶς
457 2673 634 2756 φιλωτέον
656 2663 753 2738 αάτό·
776 2665 912 2756 αἰσχρόν
933 2666 995 2756 γὰρ
1018 2665 1059 2738 τό
1082 2673 1192 2757 θέαμα
1214 2673 1269 2738 καὶ
1291 2671 1526 2754 κατέγνωσται
1541 2662 1562 2755 ῆ
1578 2673 1640 2738 τοῦ
1735 2727 1736 2740 .

327 2773 457 2854 γενείου
489 2769 526 2837 ἐν
555 2772 627 2856 χρῶ
660 2766 768 2856 κουρά
798 2774 998 2855 παρατίλσει
1028 2774 1084 2843 καὶ,
1111 2763 1262 2854 λειότητι
1285 2771 1473 2854 γειτνιῶσα.
1518 2763 1671 2838 αότίκαι
1735 2807 1736 2812 1

326 2871 409 2951 γοῦν
441 2860 459 2936 6
482 2865 668 2955 ψαλμῳδὸς
699 2872 763 2937 τοῦ
793 2875 924 2955 γενείου
951 2862 1159 2954 τερπόμενος
1181 2872 1223 2954 τῆ
1245 2863 1332 2952 κόμη
1358 2861 1425 2946 »ῶς
1448 2863 1489 2935 τό
1510 2865 1635 2952 μόρον(

275 2981 308 3035 25
327 2973 409 3052 φησὶ
433 2963 494 3036 »τὸ
516 2973 726 3049 καταβαῖνον
757 2970 811 3036 ἐπὶ
834 2967 996 3054 πῶγωνα,
1028 2963 1093 3037 τὸν
1120 2965 1273 3054 πῶγωνα
1305 2962 1368 3036 τόν
1389 2960 1552 3050 Ἀαρῶνι·
1596 2973 1638 3054 τῆ

326 3069 517 3154 παλινῳδίᾳ
533 3071 597 3136 τοῦ
610 3066 780 3152 πῶγωνος
790 3065 831 3137 τὸ
842 3063 1004 3154 εὐπρεπές
1019 3061 1174 3154 όμνῆσας,
1186 3063 1259 3152 <τό>
1270 3059 1459 3152 πρόσωπον
1474 3071 1526 3153 τῷ
1541 3063 1637 3155 μόρῳ

326 3160 677 3254 κατεγάνωσεκυρίου.
700 3170 771 3236 ἐπεὶ
791 3173 795 3252 Ι
815 3170 850 3234 δέ
867 3161 926 3252 οάχ
943 3161 1117 3253 ῶραϊσμοῦ
1130 3161 1227 3252 χάριν
1243 3160 1262 3252 6
1279 3163 1387 3252 κουρά
1401 3170 1636 3252 παραληπτέα,

328 3262 381 3332 διὰ
403 3271 599 3350 περίστασιν
622 3269 666 3347 δέ,
691 3264 751 3346 τὰς
773 3270 834 3353 μὲν
857 3271 917 3353 τῆς
940 3269 1090 3353 κεφαλῆς
1111 3271 1226 3352 τρίχας
1242 3260 1289 3345 ῶς
1304 3260 1349 3351 μῆ
1366 3258 1547 3350 αὐξόμεναι
1563 3281 1637 3346 ταῖς
1653 3275 1736 3334 29οΡί

328 3355 447 3447 ὄφεσιν
469 3367 683 3450 ἐμποδίζοιεν
704 3372 977 3450 καταβαίνουσαι,
1001 3369 1056 3432 καί
1070 3367 1152 3445 ’ίσως
1168 3361 1228 3444 τὰς
1242 3365 1298 3432 ἐπί
1313 3369 1364 3451 τῷ
1379 3360 1522 3450 μύστακι
1536 3376 1636 3452 μολι»

276 3477 310 3532 30
328 3466 472 3548 νομένας
485 3460 573 3533 κατὰ
589 3461 654 3551 τήν
665 3463 798 3552 τροφὴν
810 3469 1043 3552 περικαρτέον,
1060 3458 1101 3534 06
1116 3467 1205 3550 ξυρῷ
1216 3456 1364 3549 (ἀγεννὲς
1374 3458 1457 3549 γάρ),
1469 3457 1557 3532 ἀλλὰ
1568 3481 1641 3544 ταῖς

329 3566 425 3630 δυοῖν
446 3569 622 3650 μαχαίραις
644 3582 718 3644 ταῖς
739 3583 927 3651 κουρικαῖς,
959 3563 1021 3644 τὰς
1053 3567 1088 3633 δὲ
1119 3569 1182 3633 τοῦ
1204 3567 1333 3650 γενείου
1353 3566 1457 3650 μηδέν
1478 3588 1513 3629 τι
1535 3589 1641 3648 παρα-

330 3657 501 3743 λυποόσας
523 3657 585 3732 οάκ
607 3665 821 3751 ἐνοχλητέον,
853 3660 1045 3752 σεμνότητα
1078 3667 1138 3751 μὲν
1165 3667 1228 3732 τοῦ
1249 3659 1440 3748 προσῶπου
1460 3667 1515 3730 καὶ
1537 3659 1639 3732 κατά-

329 3769 454 3846 πληξιν
476 3761 679 3851 γεννητικὴν
700 3785 718 3820 ι
741 3786 759 3820 ν
784 3760 998 3850 ἐμποιούοας·
1029 3761 1180 3844 πολλοὺς
1207 3768 1242 3831 δέ
1264 3758 1380 3832 καὶτὸ
1403 3765 1509 3849 σχῆμα
1533 3769 1670 3848 παρα-2

415 3948 433 4001 θ
452 3948 508 4016 vgl.
527 3947 685 4018 Euphon'on
698 3951 740 4004 Fr.
755 3953 788 4005 45
802 3951 926 4006 Μείαείιε
944 3951 1024 4004 ΔυεΙ.
1042 3951 1119 4004 Alex.
1138 3968 1164 4020 p.
1183 3951 1215 4003 77
1233 3978 1266 3988 -
1286 3949 1346 4004 lot
1362 3947 1416 4015 vgl.
1435 3949 1460 4002 S.
1478 3949 1537 4016 266,
1557 3953 1591 4004 24
1609 3981 1639 3988 -

331 4029 390 4086 lat
405 4030 460 4099 vgl.
479 4033 551 4088 Psal.
564 4035 605 4099 33,
619 4037 651 4089 15
665 4035 756 4102 (Hebr.
770 4038 809 4102 12,
824 4040 868 4099 14;
887 4036 899 4088 I
912 4035 984 4090 Pebr.
998 4037 1021 4102 3,
1039 4035 1078 4103 11)
1091 4063 1123 4073 -
1137 4035 1177 4089 20
1196 4035 1250 4104 vgl.
1263 4035 1378 4089 645611.
1391 4037 1416 4087 δ.
1434 4061 1468 4074 -
1485 4033 1553 4089 241
1568 4035 1639 4089 Psal.

330 4115 387 4182 132,
406 4117 422 4169 2
440 4145 472 4155 —
491 4117 551 4172 801
567 4119 620 4187 vgl.
641 4119 734 4173 Alexis
753 4119 794 4173 Fr.
814 4121 864 4174 264
883 4119 951 4174 CAF
969 4121 1030 4188 Hp.
1045 4120 1094 4174 394

415 4265 433 4321 θ
453 4267 655 4338 έπαναιρετέον
674 4269 708 4322 Di
726 4263 931 4341 ἐπανηιρητίον
949 4270 970 4324 Ρ
986 4273 990 4338 Ι
1006 4271 1025 4326 5
1043 4267 1149 4324 τούτου
1167 4268 1254 4324 Cobet
1270 4271 1320 4325 493
1342 4275 1427 4323 τοῦτο
1447 4267 1488 4333 ΡΙ
1504 4268 1523 4325 6
1542 4261 1639 4332 αι’τοῖς

330 4349 350 4401 F
366 4351 370 4416 Ι
385 4350 404 4404 8
417 4344 648 4422 οδριοδρομοῦσα
659 4356 694 4423 Sy
709 4349 930 4426 υάροδρομοῦσα
943 4355 965 4407 Ρ
979 4347 1234 4425 οάρανοδρομοῦσα
1247 4353 1268 4407 θ’
1283 4356 1287 4420 Ι
1302 4356 1321 4408 θ
1335 4352 1368 4424 ῆν
1380 4352 1416 4406 1³²
1427 4349 1456 4422 ῆι
1468 4351 1506 4406 Ρ*
1521 4354 1525 4419 Ι
1542 4354 1581 4408 14
1595 4349 1636 4423 ἐγ-

330 4434 541 4503 γεγλυμμένους
553 4455 598 4491 ααι
610 4437 689 4492 Rand
702 4439 737 4492 Ρ2
749 4436 791 4507 (ἐγ
800 4438 872 4507 γἐίαί
883 4437 1046 4504 austadiert)
1064 4438 1300 4506 γεγυμνασμένους
1312 4439 1348 4491 im
1361 4437 1431 4492 Text
1443 4437 1475 4490 P¹
1491 4439 1496 4504 Ι
1513 4437 1549 4493 l?
1571 4439 1636 4506 ψιλὴ

329 4516 383 4585 μέν
411 4513 509 4586 (ἐστο)
537 4521 602 4576 oder
620 4520 677 4590 ἠ’τω
696 4521 743 4576 Ma
765 4527 770 4590 Ι
795 4525 832 4578 21
861 4525 910 4576 καὶ
929 4522 1042 4593 δορρεΙί
1061 4523 1089 4576 in
1107 4523 1137 4586 P,
1157 4539 1181 4577 a.
1200 4520 1230 4576 Ε.
1249 4539 1302 4577 von
1320 4521 1339 4578 f.
1358 4523 1471 4577 139vu.
1490 4537 1514 4575 ιι.
1533 4523 1566 4575 Α
1584 4537 1636 4575 von

331 4601 349 4654 f.
369 4605 510 4672 140r1‘28
528 4605 634 4674 λιόιητι
646 4607 683 4660 P*
700 4608 704 4672 Ι
720 4609 758 4662 26
777 4605 838 4674 <163
857 4607 888 4662 St
903 4610 906 4675 Ι
924 4608 962 4663 83
980 4609 1144 4677 γεννητικὴν
1163 4603 1284 4675 (amoves
1303 4605 1382 4660 Schw
1400 4607 1535 4674 γενναίαν
1554 4605 1600 4660 Ma
