3510 5474
399 471 581 542 Ρεεδοχοηιιε
598 469 632 526 ΙΙ.
650 471 713 541 Cap.
727 469 787 524 VII.
805 471 846 538 58,
860 472 976 543 1-Oap.
988 469 1062 523 VIII.
1080 471 1158 536 61,1.
1373 476 1430 539 193

114 640 403 720 κατατέτρηται,
433 630 520 724 μόνη
548 640 585 706 δὲ
610 630 631 723 ή
654 641 794 724 γλῶττα
816 642 1047 722 περιλείπεται
1069 639 1116 716 είς
1145 628 1281 722 βλάβην.
1324 631 1465 721 ταύτχ4
1499 637 1523 681 '‘1'

116 763 175 806 τοι
195 738 455 822 βιωφελέστατα
475 729 496 823 ή
518 740 624 821 σοφία
644 753 804 822 παραινεῖ
826 734 887 824 »μὴ
915 729 1109 823 ἀδολεσχεῖν
1135 738 1173 804 ἐν
1198 729 1327 823 πλήθει
1352 761 1431 821 πρε-

116 839 329 920 σβυτέρωνι,
352 829 492 904 ἀνωθεν
515 838 551 904 δὲ
572 829 671 923 ήμῶν
693 833 758 924 τὴν
781 842 953 924 φλυαρίαν
974 830 1201 918 ἐκκόπτουσα,
1223 829 1353 906 θεόθεν
1375 831 1431 922 ἀρ·

115 955 237 1022 χουσα,
263 928 453 1022 μετριάζειν
480 939 717 1022 νομοθετοῦσα
739 925 809 1012 ὧδέ
828 957 916 1017 πως·
951 933 1014 1024 »μή
1037 933 1244 1022 δευτεριύσης
1266 931 1372 1022 λόγον
1393 937 1432 1004 ἐν

81 1055 98 1108 5
116 1039 286 1121 προσευχῇ
309 1054 398 1103 σοαπ
443 1041 642 1123 ποππυσμοὶ
664 1039 699 1104 δὲ
721 1042 775 1105 καί
798 1039 951 1123 συριγμοὶ
971 1040 1029 1104 καί
1044 1037 1076 1105 οί
1091 1032 1145 1105 διά
1161 1039 1236 1104 τῶν
1250 1031 1432 1105 δακτύλων
1448 1053 1515 1121 θο,1

117 1129 230 1219 ψόφοι
252 1137 326 1204 τῶν
349 1135 495 1203 οίκετοῦν
516 1134 549 1205 οί
569 1141 804 1222 προκλητικοί,
839 1131 959 1222 ἄλογοι
986 1140 1144 1223 σημασίαι
1165 1125 1262 1205 οὖσαι
1284 1145 1432 1221 λογικοῖς

116 1230 321 1321 ἀνθρώποις
343 1235 522 1305 ἐκκλιτέοι·
548 1239 780 1323 παραιτητέον
806 1240 842 1305 δὲ
863 1239 919 1302 καὶ
940 1231 983 1304 τὸ
1010 1238 1144 1322 συνεχὲς
1166 1229 1356 1305 ἀποπτύειν
1376 1239 1432 1303 καὶ

117 1332 160 1404 τὸ
182 1337 413 1422 χρίμπτεσθαι
433 1328 634 1420 βιαιότερον.
670 1336 752 1421 μηδὲ
774 1329 1033 1422 ἀπομύττεσθαι
1053 1333 1146 1422 παρὰ
1167 1330 1291 1406 πότον·
1313 1354 1433 1420 στοχα-

117 1439 222 1505 στέον
248 1429 311 1520 γάρ
333 1427 400 1520 άμή
423 1435 461 1520 γέ
481 1460 529 1520 πη
553 1439 627 1504 τῶν
649 1436 973 1521 συνευωχουμένων,
1004 1431 1050 1522 μή
1073 1427 1329 1520 ἀποστέρξωσιν
1365 1427 1434 1504 ἀπὸ

67 1551 100 1606 10
118 1539 260 1613 ναυτίας
282 1529 347 1618 τήν
369 1529 505 1602 τοιάνδε
528 1527 705 1621 ἀκοσμίαν,
727 1528 748 1621 ἢ
770 1529 960 1622 κατήγορός
983 1537 1077 1604 ἐστιν
1098 1529 1268 1620 ἀκρασίας·
1299 1528 1342 1603 ού
1370 1529 1434 1620 γὰρ

117 1629 209 1703 κατά
232 1629 275 1701 τά
298 1627 385 1702 αύτὰ
407 1649 479 1713 τοῖς
501 1638 617 1714 βουσίν
638 1638 694 1701 καί
717 1649 790 1714 τοῖς
813 1625 906 1715 ὄνοις
922 1627 943 1720 ή
959 1628 1073 1720 φάτνη
1089 1623 1156 1722 άμα
1170 1640 1228 1703 καί
1243 1627 1262 1702 ό
1277 1630 1433 1719 κοπριάυ·

117 1737 177 1802 καί
199 1727 264 1820 γάρ
286 1734 318 1800 οί
339 1737 462 1801 πολλοὶ
485 1725 745 1819 ἀπομύττονται
766 1737 822 1802 καί
842 1729 1009 1803 πτύουσιν
1035 1723 1102 1821 άμα
1127 1735 1165 1803 ἐν
1187 1737 1239 1822 τῷ
1261 1728 1355 1820 αύτῷ
1377 1739 1432 1802 καί

118 1835 304 1904 δειπνοῦσι
346 1829 501 1919 πταρμὸς
522 1835 558 1901 δέ
580 1833 610 1901 εἲ
630 1859 681 1920 τῳ
704 1835 905 1919 ἐπιγένοιτο,
929 1828 1044 1920 ὥσπερ
1066 1827 1179 1920 ἀμέλει
1199 1836 1255 1902 καὶ
1277 1827 1298 1920 ή
1321 1828 1431 1921 ἐρυγή,
1449 1845 1466 1899 2

119 1926 185 2003 οῦκ
207 1933 336 2018 ἐξηχεῖν
358 1925 466 2020 δεήσει
492 1930 573 2012 τοῦς
594 1939 742 2020 πλησίον
768 1936 818 2022 τῷ
847 1929 955 2022 ψόφῳ
986 1935 1047 2020 τής
1077 1927 1193 2002 αύτῶν
1222 1958 1433 2020 καταμαρτυ

68 2049 100 2101 15
118 2035 269 2117 ρσῦντας
290 2024 518 2112 ἀπαιδευσίας,
546 2025 619 2101 ἀλλ’
642 2027 663 2120 ή
685 2037 746 2118 μὲν
768 2037 1030 2121 παραπεμπτέα,
1056 2025 1077 2120 ή
1099 2029 1216 2120 ἐρυγή,
1247 2026 1351 2120 ἡσυχῇ
1372 2028 1434 2103 σῦν

119 2137 174 2220 τῷ
201 2132 419 2218 ἐκπνεομένῳ
446 2123 519 2216 ἀέρι
548 2135 824 2222 σχηματιζομένη)
851 2138 997 2221 κοσμίως
1030 2135 1081 2218 τῷ
1104 2125 1260 2219 στόματι,
1292 2125 1365 2219 ούχὶ
1395 2137 1432 2203 δέ

120 2235 296 2318 τραγικῶν
325 2233 424 2316 δίκην
450 2237 680 2317 προσωπείων
708 2235 912 2320 διελκομένῳ
933 2237 990 2301 καί
1011 2225 1176 2320 κεχηνότι.
1217 2237 1375 2320 πταρμοῦ
1397 2237 1466 2306 &Ia

121 2328 164 2400 τὸ
201 2327 408 2416 ταρακτικὸν
443 2325 648 2418 ἀφαιρετέον
687 2324 957 2419 ἀπολαβομένοις
991 2326 1112 2418 πράως
1148 2330 1209 2413 τάς
1245 2325 1432 2414 ἀναπνοάς·

120 2426 233 2517 ταύτῃ
254 2427 318 2516 γάρ
339 2424 634 2518 εύσχημονέστατα
655 2428 722 2518 τήν
743 2425 878 2519 ἀθρόαν
900 2436 964 2500 τοῦ
983 2427 1176 2521 πνεύματος
1195 2425 1339 2520 ἀπειλήν
1360 2435 1433 2502 ένα-

70 2545 103 2598 20
120 2533 332 2614 ποσβεστέον
354 2533 605 2616 οίκονομοῦντα
627 2526 692 2618 τήν
715 2533 877 2614 διέξοδον,
900 2525 949 2612 οῦς
970 2536 1027 2601 καὶ
1042 2539 1163 2602 λαθεῖν
1177 2535 1369 2616 πειρᾶσθαι,
1391 2525 1435 2619 ήν

122 2657 157 2699 τι
178 2633 235 2699 καί
257 2625 421 2714 συνεξάξη
442 2625 676 2718 ἐκβιαζόμενος
703 2623 723 2699 ὁ
754 2623 818 2718 ἀήρ
849 2637 1056 2718 περίττωμα
1099 2626 1285 2718 ἀγερωχίας
1313 2634 1350 2700 δὲ
1378 2637 1435 2702 καὶ

123 2726 264 2815 ἀταξίας
285 2725 457 2816 σύμβολον
479 2724 520 2798 τὸ
542 2739 744 2816 προσθεῖναι
759 2746 831 2812 τοῖς
845 2724 940 2817 ήχοις
955 2732 1095 2812 ἐθέλειν,
1116 2727 1161 2817 μή
1182 2725 1254 2816 ούχλ
1270 2725 1434 2818 ἀφαιρεῖν.

122 2831 156 2900 οί
187 2831 224 2898 δὲ
253 2824 499 2916 διαγλύφοντες
529 2827 611 2910 τοῦς
641 2821 788 2910 ὀδόντας
821 2825 1042 2918 αἱμάσσοντες
1078 2827 1121 2898 τὰ
1153 2820 1237 2900 σῦλα
1268 2837 1361 2915 σφίσι
1397 2850 1468 2902 τελ

124 2923 242 3008 αύτοῖς
269 2931 351 2997 είσλν
376 2922 488 3016 ἀηδεῖς
519 2931 575 2996 καλ
606 2945 678 3009 τοῖς
709 2934 854 3018 πλησίον
884 2923 1051 3016 ἀπεχθεῖς.
1094 2932 1149 2998 ναί
1179 2927 1246 3017 μήν
1274 2934 1330 3000 καὶ
1361 2937 1434 3000 τῶν

73 3051 106 3105 25
125 3023 231 3097 ὤτων
259 3029 291 3096 οί
322 3034 540 3114 γαργαλισμοί
569 3033 625 3097 καὶ
656 3034 730 3098 τῶν
760 3033 928 3115 πταρμῶν
960 3029 993 3097 οί
1023 3029 1195 3115 ἐρεθισμοὶ
1225 3021 1344 3110 ύαίδεις
1374 3032 1435 3100 εἰσὶ

123 3133 277 3215 κνησμοί,
299 3132 459 3213 πορνείας
482 3122 675 3198 ἀκολάστου
695 3134 915 3216 μελετητικοί.
944 3132 1001 3196 καί
1023 3125 1084 3208 τάς
1104 3121 1161 3197 ύπ’
1184 3117 1267 3212 ὄφιν
1289 3131 1324 3196 δέ
1339 3123 1469 3216 dom-5

124 3223 274 3316 μοσύνας
295 3231 528 3314 παραιτητέον
549 3232 605 3295 καί
628 3225 689 3308 τὰς
712 3231 946 3316 αἰσχρολογίας
968 3221 1093 3296 αύτοῦν.
1122 3227 1301 3308 καθεστὼς
1323 3231 1436 3298 δὲκαὶ

125 3324 169 3397 τό
190 3330 319 3414 βλέμμα
341 3327 443 3407 ἔστω,
466 3331 523 3395 καὶ
545 3321 565 3414 ή
586 3331 651 3396 τοῦ
672 3324 842 3415 τραχήλου
864 3323 1055 3415 ἐπιστροφή
1070 3331 1126 3396 καὶ
1141 3321 1162 3415 ή
1176 3333 1306 3414 κίνησις
1321 3322 1436 3398 εύστα-

126 3424 194 3516 θής
215 3431 271 3496 καί
293 3420 314 3513 ή
337 3430 411 3496 τῶν
430 3432 553 3513 χειρῶν
574 3424 662 3496 κατά
685 3423 745 3508 τὰς
773 3422 903 3512 ὁμιλίας
929 3422 1100 3512 προφορά
1143 3423 1297 3498 καθόλου
1326 3425 1388 3516 γάρ
1420 3422 1439 3499 ὁ

76 3549 110 3604 30
127 3523 334 3612 Χριστιανὸς
356 3518 491 3614 ἠρεμίας
504 3529 560 3595 καί
576 3519 711 3613 ἡσυχίας
726 3533 779 3596 καὶ
795 3523 944 3615 γαλήνης
957 3531 1013 3595 καὶ
1032 3522 1165 3616 εἰρήνης
1181 3521 1301 3610 οἰκεῖός
1316 3531 1416 3600 ἐστιν.
1434 3535 1436 3618 j

400 3759 484 3828 VIII.
508 3761 550 3828 Εἰ
570 3755 688 3847 μύροις
709 3763 765 3830 καλ
787 3756 971 3844 στεφάνοις
991 3766 1166 3850 χρηστέον.
1455 3781 1540 3838 205?

212 3902 409 3993 Στεφάνων
431 3912 467 3978 δέ
490 3902 569 3996 ήμῖν
590 3915 646 3979 καὶ
672 3907 790 3998 μύρων
816 3916 932 3999 χρήσις
963 3905 1026 3980 ούκ
1059 3905 1230 3999 ἀναγκαία.
1272 3917 1439 3998 ἐξοκέλλει
1457 3933 1521 3995 61,1

128 4007 193 4097 γάρ
216 4011 262 4090 είς
285 4001 409 4096 ήδονὰς
429 4013 486 4078 καὶ
507 4007 691 4100 ῥᾳθυμίας,
718 4005 863 4098 μάλιστα
884 4007 1080 4097 γειτνιώσης
1107 4014 1169 4099 τῆς
1199 4007 1330 4094 νυκτός.
1373 4005 1439 4081 οἷδ’

217 4177 291 4232 2-5
309 4175 359 4231 sir.
378 4178 402 4240 7,
420 4178 453 4231 14
473 4207 507 4215 -
525 4178 565 4234 29
582 4177 711 4234 καθόλου
729 4174 745 4232 δ
764 4209 797 4218 -
816 4178 856 4232 θθ
874 4173 950 4234 ἐστιν
968 4179 1043 4233 θεετ.
1060 4180 1121 4233 Par.
1140 4181 1190 4235 202
1208 4178 1286 4244 HoII;
1305 4178 1441 4234 Maximus

132 4262 209 4318 Cous.
228 4261 258 4315 in
276 4259 354 4316 [saur.
373 4259 426 4314 VII
444 4265 477 4318 15
494 4262 513 4316 f.
531 4262 602 4318 251r

216 4412 234 4468 θ
254 4407 419 4482 ἀδολεσχεῖν
437 4413 516 4467 Sehw
535 4409 714 4482 ἀδολέσχειΡ
730 4414 734 4481 l
752 4413 765 4468 7
788 4409 926 4468 ἐκκλιτέοι
945 4413 980 4466 1³³
998 4411 1141 4470 ἐκκλιτέον
1158 4413 1195 4466 P*
1212 4413 1251 4480 18
1270 4411 1443 4485 στοχαστέον

131 4529 163 4538 -
173 4499 200 4554 S.
214 4496 283 4561 104,
296 4496 336 4553 24
348 4492 479 4567 ἐμφαίνει
492 4498 578 4552 δεσπο
593 4505 626 4556 <
639 4495 661 4550 F
675 4495 729 4564 (ein
742 4497 926 4568 Doppelblatt
936 4498 1015 4560 fehlt,
1029 4498 1084 4567 vgl.
1098 4497 1269 4567 Einleitung)
1286 4500 1289 4566 Ι
1306 4499 1345 4554 24
1358 4495 1443 4570 ἀπεχ·

132 4583 202 4652 θεῖς]
221 4577 358 4650 ἐπαχθεῖς
379 4580 466 4636 Cobet
484 4581 610 4649 469127
629 4576 701 4650 (ἐπ”)
720 4579 815 4637 αὐτῶν
832 4583 911 4638 Sohw
926 4584 931 4650 Ι
947 4584 987 4638 θθ
1004 4582 1120 4653 ἡσυχίας
1137 4584 1186 4638 καί
1207 4581 1328 4653 ἠρεμίας
1346 4583 1419 4640 Max.
1439 4587 1443 4654 Ι

134 4668 171 4723 82
190 4663 331 4733 ἐξοκέλλει
344 4665 379 4718 1³³
397 4661 537 4732 ἐξωκείλει
555 4665 592 4720 P*

159 4753 270 4798 Clemens
283 4751 302 4796 I.
1198 4755 1230 4806 13
