3520 5498
518 524 699 596 Paedagogus
716 525 735 579 1.
755 525 818 598 Gap.
837 526 869 582 V.
888 530 928 592 14,
947 531 1038 594 1-16,
1056 531 1080 585 3.
1414 540 1453 603 99

141 689 232 778 πρὸς
263 698 448 780 σωτηρίαν,
479 688 561 772 τούς
589 695 875 773 καταπατοῦντας
906 700 962 762 καὶ
988 700 1214 780 κροαίνοντας
1235 694 1279 766 τά
1300 694 1452 784 κοσμικά.

144 807 258 880 »χαῖρε
285 785 430 877 σφόδρα,
460 787 612 879 θύγατερ
637 787 746 860 Σιοόν·
772 785 929 879 κήρυσσε,
956 789 1106 880 θύγατερ
1127 788 1348 886 Ἰερουσαλήμ·
1377 799 1486 870 ίδού2

140 888 339 979 όβασιλεύς
370 914 433 961 σου
463 893 593 976 ἔρχεταί
623 913 676 961 σοι
706 894 835 972 δίκαιος
865 887 991 980 [πραῢς]
1023 899 1078 962 καί
1100 891 1235 982 σῴζων,
1265 902 1320 967 καὶ
1347 895 1451 978 αύτός

139 999 253 1079 πρᾶος
284 997 340 1061 καὶ
371 988 579 1076 έπιβεβηκῶς
609 993 664 1059 έπί
690 985 876 1078 ὑποζύγιον
899 995 955 1062 καὶ
976 997 1100 1063 πῶλον
1123 998 1228 1066 νέονπ
1274 991 1336 1066 ούκ
1358 993 1452 1086 ήρκει

101 1090 184 1166 5τό
216 1096 339 1163 πῶλον
368 1091 536 1177 εἰρηκέναι
566 1084 686 1176 μόνον,
718 1083 806 1161 ἀλλὰ
835 1096 891 1160 καὶ
922 1087 963 1160 τὸ
995 1097 1074 1162 νέον
1103 1099 1318 1183 προσέθηκεν
1345 1092 1450 1186 αύτῷ,

139 1191 207 1282 τήν
230 1195 269 1261 έν
291 1195 430 1280 Χριστῷ
457 1195 616 1260 νεολαίαν
638 1193 699 1276 τῆς
720 1183 997 1279 ἀνθρωπότητος
1023 1197 1079 1260 καὶ
1100 1187 1216 1282 ἀγήρω
1238 1191 1323 1283 μετά
1346 1190 1451 1266 άπλό-

138 1319 248 1382 τητος
278 1285 454 1378 ἀιδιότητα
485 1291 670 1376 ἐμφαίνων.
713 1286 892 1370 τοιούτους
919 1295 955 1360 δὲ
976 1284 1062 1379 ἡμᾶς
1091 1297 1187 1375 νέους
1206 1293 1347 1376 πώλους
1369 1294 1485 1378 τούς3

138 1399 286 1480 νηπίους
308 1385 328 1461 ό
350 1398 444 1470 θεῖος
475 1383 572 1476 ήμῶν
601 1381 831 1476 πωλοδάμνης
860 1383 1050 1475 ἀνατρέφει.
1093 1394 1122 1461 εί
1147 1397 1183 1464 δὲ
1209 1400 1266 1464 καὶ
1293 1385 1373 1476 ὄνος
1400 1399 1450 1484 είη
1570 1471 1574 1474 ,

138 1487 159 1562 ό
182 1495 261 1572 νέος
292 1493 330 1560 έν
359 1496 403 1578 τη·
433 1493 561 1576 γραφῇ,
591 1485 684 1577 πλὴν
706 1483 794 1558 ἀλλὰ
814 1493 933 1569 πῶλος
955 1480 1037 1570 ὄνος
1057 1497 1113 1560 καὶ
1135 1483 1245 1574 οὗτος.
1291 1501 1365 1565 »καὶ
1386 1494 1451 1566 τόν

82 1619 120 1671 10
137 1597 295 1674 πῶλονι,
314 1595 320 1679 Ι
339 1596 430 1679 φησί,
448 1591 670 1676 »προσέδησεν
684 1583 856 1676 ἀμπέλων
874 1584 970 1676 (τόν)
980 1583 1114 1661 ἀπλοῦν
1124 1597 1250 1663 τοῦτον
1259 1599 1315 1664 καὶ
1324 1590 1451 1682 νήπιον
1468 1609 1551 1668 107?

138 1691 227 1762 λαόν
254 1695 304 1778 τῷ
332 1686 426 1778 λόγῳ
448 1684 654 1776 προσδήσας,
687 1680 728 1757 όν
750 1685 903 1776 ἄμπελον
929 1684 1121 1779 ἀλληγορεῖ·
1152 1695 1247 1776 φέρει
1266 1690 1329 1779 γὰρ
1352 1693 1450 1764 οίνον

139 1786 160 1880 ἦ
184 1789 347 1880 ἄμπελος,
380 1784 428 1870 ῶς
459 1784 540 1876 αίμα
563 1780 582 1856 ό
605 1782 719 1875 λόγος,
751 1784 855 1875 ἀμφω
882 1792 918 1858 δὲ
944 1783 1146 1876 ἀνθρώποις
1176 1786 1289 1861 ποτόν
1315 1793 1361 1872 είς
1383 1817 1448 1864 σω-

139 1896 276 1980 τηρίαν,
307 1884 410 1978 ὁμέν
443 1889 537 1968 οίνος
568 1893 619 1976 τῷ
651 1885 796 1976 σῶματι,
829 1885 869 1958 τό
892 1892 929 1957 δὲ
951 1888 1031 1975 αἷμα
1051 1894 1103 1978 τῷ
1125 1886 1300 1978 πνεύματι.
1342 1885 1391 1974 ῶς
1413 1896 1483 1965 δελ

136 1996 195 2060 καὶ
217 1989 323 2078 ἀρνας
345 1983 430 2077 ἡμᾶς
453 1992 552 2076 λέγει,
578 1990 733 2076 ἐχέγγυος
757 1983 886 2075 μάρτυς
912 1986 966 2059 διά
992 1981 1125 2060 Ἠσαίου
1147 1986 1187 2058 τό
1209 1994 1351 2078 πνεῦμα·
1381 1986 1448 2072 »ῶς

82 2116 117 2170 15
136 2089 269 2179 ποιμήν
289 2105 451 2178 ποιμανεῖ
470 2085 511 2157 τό
534 2091 696 2175 ποίμνιον
718 2082 825 2159 αύτού
845 2091 901 2156 καὶ
924 2092 976 2176 τῷ
997 2095 1150 2176 βραχίονι
1171 2083 1277 2160 αύτοῦ
1298 2096 1448 2176 συλλέξει

137 2189 274 2278 άρνας,ι
302 2186 344 2258 τὸ
370 2189 422 2258 ἔτι
448 2183 675 2276 άπαλῶτερον
700 2191 775 2256 τῶν
801 2183 987 2274 προβάτων
1012 2192 1058 2269 εἰς
1080 2184 1242 2276 ἀφέλειαν
1263 2186 1369 2278 ἀρνας
1392 2186 1448 2262 ἀλ·

139 2297 306 2379 ληγορῶν.

221 2401 348 2495 Ἀμέλει
377 2410 433 2474 καὶ
464 2399 555 2492 ήμεῖς
582 2401 625 2472 τὰ
651 2399 817 2474 κάλλιστα
848 2409 904 2473 καὶ
930 2403 1128 2476 τελεῶτατα
1155 2409 1228 2476 τῶν
1249 2407 1287 2474 έν
1309 2409 1360 2494 τῷ
1383 2411 1446 2496 βίῳ
1464 2428 1529 2496 16‚1

135 2503 327 2594 κτημάτων
348 2508 485 2592 παιδική
507 2507 716 2593 προσηγορίᾳ
738 2499 938 2592 τιμήσαντες
959 2509 1116 2575 παιδείαν
1137 2509 1192 2574 καὶ
1214 2509 1447 2593 παιδαγωγίαν

81 2625 118 2680 20
136 2601 358 2693 κεκλήκαμεν.
401 2607 633 2691 παιδαγωγίαν
659 2607 694 2672 δὲ
716 2596 949 2691 ὁμολογοῦμεν
976 2602 1061 2675 είναι
1087 2600 1227 2694 ἀγωγήν
1252 2600 1388 2694 ἀγαθήν
1410 2608 1447 2674 ἐκ

38 2754 44 2768 -
137 2711 275 2776 παίδων
305 2700 391 2790 πρός
425 2698 559 2792 ἀρετήν.
602 2701 903 2791 ἐμφαντικώτερον
934 2699 967 2771 δ’
991 2693 1052 2774 οόν
1082 2698 1161 2793 ἡμῖν
1188 2699 1447 2775 ἀποκαλύπτων

137 2799 296 2892 όκύριος
327 2800 366 2873 τό
395 2797 642 2892 σημαινόμενον
672 2805 709 2872 έκ
730 2806 791 2890 τῆς
821 2805 959 2872 παιδίον
988 2808 1215 2892 προσηγορίας
1247 2809 1447 2893 »γενομένης

138 2903 309 2994 ζητήσεως
339 2906 378 2974 έν
408 2919 480 2983 τοῖς
511 2896 732 2984 ἀποστόλοις,
764 2893 858 2983 ὅστις
889 2897 1005 2972 αὐτῶν
1032 2906 1081 2990 ε’ίη
1108 2909 1242 2990 μείζων,
1265 2897 1445 2991 ἔστησενό

136 3001 259 3093 Ἰησοῦς
289 3007 327 3074 έν
356 3006 446 3090 μέσῳ
478 3005 615 3071 παιδίον
646 3000 767 3071 είπῶν·
798 2994 836 3082 ός
866 3000 926 3072 έάν
958 2999 1082 3072 ἑαυτὸν
1108 3001 1301 3090 ταπεινῶση
1329 2997 1377 3083 ῶς
1403 2999 1445 3072 τό

80 3123 115 3178 ‘25
134 3105 276 3174 παιδίον
305 3107 425 3184 τοῦτο,
457 3093 559 3183 οὗτος
588 3107 712 3190 μείζων
742 3104 834 3170 ἐστίν
860 3105 897 3172 έν
924 3108 966 3190 τῇ
988 3106 1137 3190 βασιλείᾳ
1160 3106 1235 3170 τῶν
1257 3097 1441 3190 ούρανῶν.ι

134 3198 199 3272 ούκ
229 3201 295 3290 ἀρα
325 3206 571 3289 κατακέχρηται
602 3205 645 3287 τῇ
676 3205 749 3269 τῶν
775 3205 923 3270 παιδίων
948 3206 1156 3290 προσηγορίᾳ
1179 3194 1227 3280 ῶς
1250 3195 1444 3287 ἀλογίστων
1461 3217 1482 3278 2Ι

135 3298 261 3392 ἡλικίᾳ,
287 3295 308 3390 ή
332 3325 421 3372 τισιν
445 3303 574 3386 ἔδοξεν,
602 3293 677 3368 οὐδ’
704 3296 748 3370 ἀν
774 3303 851 3388 εἲπη
877 3295 938 3388 τήν
958 3298 1003 3388 μή
1024 3305 1168 3387 γένησθε
1192 3294 1239 3381 ῶς
1261 3296 1305 3368 τά
1326 3304 1444 3372 παιδία

134 3407 258 3487 ταῦτα,
289 3397 351 3473 ούκ
381 3397 607 3472 είσελεύσεσθε
636 3404 682 3482 είς
713 3398 778 3488 τήν
807 3407 978 3485 βασιλείαν
1003 3404 1067 3469 τοῦ
1093 3403 1205 3474 θεοῦ,«
1232 3393 1374 3488 ἀμαθῶς
1396 3403 1444 3470 έ-

133 3505 283 3572 δεκτέον.
326 3495 388 3570 ούκ
419 3495 474 3587 ἀρ’
506 3501 557 3570 ἔτι
586 3496 772 3588 κυλιόμεθα
799 3502 832 3569 οί
858 3496 974 3588 νήπιοι
1000 3502 1099 3588 χαμαὶ
1128 3495 1205 3569 ούδέ
1228 3499 1373 3586 έρπομεν
1395 3494 1477 3582 ῶς3

80 3617 114 3672 30
134 3597 177 3671 τό
204 3597 357 3688 πρόσθεν
387 3602 442 3670 ἐπὶ
473 3605 532 3689 γής
559 3592 674 3686 όφεων
697 3604 806 3688 δίκην,
837 3591 909 3688 όλῳ
932 3605 983 3687 τῷ
1006 3597 1137 3687 σῶματι
1159 3602 1236 3686 περὶ
1258 3596 1319 3680 τὰς
1341 3595 1443 3687 ἀνοή-

133 3727 217 3782 τους
239 3703 419 3789 ἐπιθυμίας
441 3698 679 3788 ίλυσπῶμενοι,
703 3693 956 3788 ἀνατεινάμενοι
978 3702 1014 3767 δέ
1033 3694 1106 3768 ἀνω
1123 3704 1166 3786 τῇ
1181 3701 1304 3790 έννοίςι,
1326 3696 1442 3788 κόσμῳ

132 3807 190 3869 καὶ
212 3794 388 3888 άμαρτίαις
407 3809 411 3887 Ι
431 3795 715 3887 ἀποτεταγμένοι,
747 3791 871 3888 ιόλίγφ
899 3802 980 3869 ποδι
1006 3793 1238 3886 ἐφαπτόμενοι
1265 3803 1326 3886 τῆς
1351 3802 1440 3886 γής,ι
1461 3821 1524 3876 398

220 4068 294 4124 2-4
306 4068 416 4123 zachar.
430 4069 481 4132 9‚9
494 4099 525 4108 -
538 4069 579 4125 91
589 4069 705 4134 (λεαδθ,
715 4071 747 4122 11
761 4097 794 4108 -
808 4066 922 4122 14—10
933 4066 988 4120 δατ.
1000 4067 1041 4134 40,
1055 4069 1086 4121 11
1099 4095 1132 4105 -
1146 4065 1261 4122 22-2ό
1273 4063 1328 4134 vgl.
1343 4066 1442 4122 Matth.

132 4155 173 4220 18,
193 4156 261 4207 1-4
287 4183 320 4192 —
346 4153 412 4209 271
436 4153 536 4208 Matth.
561 4153 601 4218 18,
619 4154 635 4208 3
653 4182 686 4193 -
704 4153 744 4208 22
772 4149 859 4224 ὀλίγῳ
877 4181 908 4190 -
928 4155 979 4220 γῆς
996 4150 1070 4205 wohl
1096 4167 1145 4204 aus
1172 4149 1260 4204 einem
1279 4149 1392 4204 Dichter

219 4387 234 4442 l
254 4385 454 4456 κροαίνοντας]
471 4385 663 4458 κρομίνοντας
681 4385 741 4441 eat.
755 4387 760 4453 Ι
775 4385 795 4440 8
813 4378 1122 4454 [πραῢς]8101εια.111.
1139 4401 1166 4439 u.
1185 4383 1230 4438 die
1247 4383 1319 4453 Sept.
1338 4400 1366 4452 p.
1384 4383 1417 4437 62
1438 4383 1442 4440 1

131 4471 149 4527 5
168 4469 202 4526 τδ
215 4470 251 4524 Di
267 4469 320 4526 τδν
336 4470 388 4525 FM
403 4471 441 4536 16
461 4470 595 4526 νεολαίαν
612 4470 646 4523 F³
664 4467 783 4525 νεολέαν
794 4468 862 4523 F*M
877 4473 881 4532 Ι
896 4468 936 4524 61
951 4463 1111 4536 ἁπλότητος
1124 4467 1164 4521 M¹
1188 4462 1356 4536 ἀπλώτητος
1372 4466 1418 4520 Μ*
1439 4469 1443 4532 Ι

132 4557 172 4612 10
189 4553 241 4611 τόν
259 4550 368 4610 ἁπλοῦν
386 4554 445 4608 eat.
463 4549 576 4609 ἁπλοῦν
592 4553 642 4607 FM
658 4553 663 4622 Ι
679 4554 714 4609 21
738 4549 971 4623 ίμφατικώτερον
984 4552 1013 4606 Μ
1028 4554 1032 4619 Ι
1049 4552 1087 4607 22
1106 4553 1219 4608 παιδίον
1237 4551 1302 4604 λ’*Μ
1321 4553 1441 4608 παιδίων

131 4639 164 4693 F¹
179 4641 184 4706 Ι
200 4639 265 4696 221
280 4635 307 4708 [δ
325 4632 438 4708 Ἰησοῦς]
456 4637 536 4693 Sohw
550 4640 555 4706 Ι
571 4637 610 4693 24
628 4633 714 4694 αύτδν
733 4638 838 4704 111122
856 4631 910 4694 οάκ
926 4628 982 4710 ἀρΊ
1005 4627 1040 4692 ού
1057 4633 1113 4708 γὰρ
1131 4635 1211 4690 Sohw
1226 4635 1231 4701 Ι
1247 4635 1287 4692 110
1305 4635 1442 4690 zwisehen

131 4721 177 4780 έπλ
194 4743 220 4780 u.
239 4728 291 4793 γῆς
307 4723 395 4778 Βσιατ
412 4723 440 4775 M
456 4725 461 4791 Ι
477 4724 515 4779 al
536 4718 631 4797 ἐννοίᾳ
650 4723 691 4776 M¹
709 4718 788 4797 ένοίη
808 4722 852 4776 M*

1189 4805 1225 4857 7*
