3520 5498
295 433 353 492 144
879 420 1011 476 Clemens.

295 595 561 674 φιλανθρωπίαν
583 605 656 670 τοῖς
677 583 879 659 σπεύδουσιν
902 589 948 666 είς
970 593 1148 674 σωτηρίαν.
1179 592 1259 672 φησὶ
1282 583 1358 675 γάρ·
1384 594 1460 656 »καί
1481 583 1623 669 εἰσάξω

293 683 377 774 ύμάς
398 692 444 769 είς
459 685 524 776 τὴν
540 693 604 776 γῆν
618 685 683 774 τὴν
699 681 841 775 ἀγαθήν,
864 682 908 774 ἣν
923 680 1055 773 ὤμοσεν
1070 683 1184 772 κύριος
1200 702 1272 766 τοῖς
1287 683 1458 774 πατράσιν
1472 682 1618 773 ύμων·ι

292 784 378 873 πρός
402 793 437 858 δὲ
467 793 539 858 »καὶ
562 784 683 871 εἰσάξω
713 782 797 874 ύμᾶς
819 789 865 867 εἰς
886 782 928 854 τὸ
951 777 1031 870 όρος
1052 783 1093 856 τό
1117 775 1216 871 άγιον
1236 791 1292 856 καὶ
1312 781 1472 874 εύφρανῶ
1496 782 1618 874 ύμᾶςι

293 884 346 957 διά
367 881 500 957 Ἠσαίου
523 891 619 974 λέγει

258 997 274 1050 5
371 980 463 1056 ’Ἐστι
485 991 521 1056 δὲ
542 993 599 1056 καί
621 984 707 1057 ἀλλο
735 987 823 1066 είδος
850 982 956 1055 αύτοῦ
977 988 1222 1072 παιδαγωγίας,
1255 979 1516 1074 όμακαρισμός·
1551 993 1619 1055 καὶ
1639 995 1699 1048 921
1753 983 1754 1002 ί

296 1082 477 1174 »μακάριος
499 1089 642 1168 ἐκεῖνοςτ
669 1083 723 1155 διά
739 1089 841 1167 Δαβὶδ
863 1089 950 1172 λέγει
972 1089 1097 1172 [φησίν]
1124 1077 1161 1153 »ό
1182 1082 1228 1173 μὴ
1243 1079 1414 1172 άμαρτών,
1436 1089 1492 1154 καὶ
1507 1085 1619 1156 ἔσται

294 1181 341 1266 οἷς
372 1183 413 1255 τὸ
445 1181 549 1270 ξύλον
579 1184 620 1256 τὸ
643 1191 898 1273 πεφυτευμένον
924 1181 1016 1270 παρὰ
1039 1181 1100 1265 τὰς
1122 1179 1292 1268 διεξόδους
1313 1190 1388 1254 τῶν
1409 1180 1562 1268 ύδάτων,
1592 1179 1616 1254 ό

293 1281 356 1354 τὸν
376 1282 509 1370 καρπόν
540 1280 646 1356 αύτοῦ
673 1283 774 1354 δώσει
796 1287 833 1354 ἐν
854 1289 962 1373 καιρῷ
985 1279 1092 1353 αύτοῦ
1112 1289 1169 1352 καὶ
1191 1280 1232 1353 τό
1255 1281 1390 1370 φύλλον
1411 1279 1518 1355 αύτοῦ
1543 1281 1618 1356 ούκ

293 1380 561 1473 ἀπορρυήσεταιι
595 1391 706 1470 (ταυτὶ
735 1390 796 1473 μὲν
826 1390 882 1453 καὶ
912 1381 998 1470 πρὸς
1030 1381 1095 1469 τὴν
1126 1376 1311 1453 ἀνάστασιν
1341 1380 1493 1470 ᾐνίξατο)
1530 1391 1617 1453 »καὶ

241 1493 275 1549 10
293 1478 407 1554 πάντα
438 1477 501 1554 όσα
531 1481 590 1554 έάν
620 1481 759 1572 ποιήσῃ,
792 1479 1113 1571 κατευοδωθὴσεται
1139 1477 1261 1572 αύτῷπ
1308 1480 1488 1564 τοιούτους
1515 1479 1615 1572 ἡμᾶς

293 1587 450 1670 γενέσθαι
480 1582 653 1667 βούλεται,
686 1578 732 1652 ἵν’
765 1573 857 1671 ὦμεν
880 1579 1053 1672 μακάριοι.
1096 1583 1240 1667 ἔμπαλιν
1268 1587 1302 1653 δὲ
1330 1579 1371 1652 τό
1394 1578 1651 1670 άντισηκοῦνὲ)
1753 1657 1754 1668 ,

293 1687 356 1752 τοῦ
378 1688 439 1772 τῆς
455 1681 668 1772 δικαιοσύνης
683 1679 936 1770 ἐνδεικνύμενος
958 1687 1059 1770 ζυγοῦ
1083 1675 1188 1766 »[ἀλλ’
1209 1675 1242 1768 ἢ]
1265 1677 1325 1768 ούχ
1348 1674 1477 1763 οῦτωςι
1496 1690 1612 1770 φησίν

297 1785 347 1854 »οἱ
379 1779 517 1867 ἀσεβεῖς,
550 1778 610 1870 σύγ
633 1775 758 1864 οὕτως,
789 1777 867 1852 ἀλλ’
890 1777 912 1869 ἢ
935 1777 983 1864 οίς
1006 1776 1025 1852 ό
1046 1787 1162 1869 χνοῦς,
1194 1773 1235 1851 όν
1257 1786 1410 1868 έκριπτεῐ
1436 1775 1456 1852 ό
1479 1780 1615 1870 ἀνεμος

292 1876 360 1951 ἀπὸ
396 1883 585 1968 προσώπου
616 1887 677 1970 τῆς
706 1886 796 1969 γῆςι.
852 1879 893 1950 τό
923 1885 1093 1969 ἐπιτίμιον
1123 1889 1197 1951 τῶν
1227 1876 1443 1970 άμαρτωλων
1473 1887 1530 1950 καὶ
1565 1881 1611 1952 τὸ

241 2000 273 2052 15
292 1977 539 2071 εὐδιαφόρητον
572 1978 690 2053 αὐτῶν
720 1987 775 2051 καὶ
806 1978 848 2052 τό
878 1976 1066 2069 ῦπηνέμιον
1096 1986 1205 2067 δείξας
1236 1975 1254 2051 ό
1280 1979 1497 2068 παιδαγωγὸς
1522 1974 1610 2051 άπε-

378 2185 514 2240 ῙίΒεαί.
533 2188 573 2250 31,
592 2187 626 2240 20
643 2215 676 2224 -
694 2186 713 2240 θ
730 2184 783 2239 όεε.
802 2185 843 2252 56,
863 2187 877 2238 7
896 2215 927 2223 -
945 2184 1026 2240 5-s.
1046 2183 1113 2248 145,
1133 2185 1150 2238 2
1171 2183 1225 2253 vgl.
1245 2184 1303 2238 eat.
1322 2201 1355 2238 zu
1371 2183 1444 2238 Psal.
1463 2187 1477 2240 1
1496 2182 1524 2236 in
1543 2184 1607 2238 Pal.

292 2271 341 2323 241
360 2269 378 2323 ί.
399 2272 429 2323 11
449 2271 492 2334 (π
510 2270 542 2337 Ρ)
560 2269 616 2323 und
635 2270 726 2339 Crypt„
745 2272 777 2324 Δ.
796 2288 821 2339 γ.
840 2272 872 2322 11
891 2269 910 2322 f.
929 2269 962 2322 23
982 2270 1026 2336 (=-
1044 2269 1074 2336 C)
1093 2267 1138 2322 bei
1156 2267 1241 2336 Ρίίτε,
1261 2269 1339 2322 Αααί.
1358 2267 1442 2322 Sacra
1459 2269 1521 2337 Hp.
1534 2269 1612 2324 3471

292 2370 317 2405 u.
336 2354 393 2407 443.
421 2355 598 2424 Κλήμεντος·
616 2354 697 2422 ἡμεῖς
714 2353 752 2421 δέ,
771 2349 865 2421 ἐπειδὴ
884 2353 1079 2423 παιδαγωγίας
1097 2353 1173 2422 (περί
1190 2354 1384 2422 παιδαγωγίας
1401 2353 1432 2414 C)
1451 2346 1524 2418 εἶδός
1543 2349 1606 2408 έοτι

291 2440 340 2492 καί
367 2433 582 2510 ύμακαρισμδς
607 2440 657 2492 καί
674 2438 825 2509 μακαρίζει
851 2435 903 2505 μὲν
922 2432 937 2490 ό
957 2437 1047 2506 Δαβλδ
1068 2434 1175 2504 τὸνμὴ
1194 2444 1256 2501 ταῖς
1273 2433 1396 2502 ἀπάταις
1413 2443 1471 2492 τῶν
1489 2435 1605 2509 ἀσεβῶν

292 2519 538 2595 έπιπορευόμενον
554 2521 624 2590 μηδὲ
641 2527 677 2592 τῇ
694 2527 807 2596 πονηρᾷ
824 2523 912 2593 τρίβῳ
930 2524 979 2588 τῆς
997 2515 1138 2592 ἁμαρτίας
1154 2521 1200 2576 διὰ
1212 2519 1322 2592 βάθους
1334 2517 1520 2590 ἐνιστάμενον
1531 2523 1604 2592 μηδὲ

291 2604 425 2676 ἀκίνητον
451 2609 500 2662 καί
525 2605 734 2678 καθιδρυμένην
752 2601 842 2675 ἑαυτῷ
860 2607 910 2672 την
927 2605 1031 2659 κακίαν
1048 2601 1260 2674 ἐπιτηδεύοντα,
1287 2603 1359 2662 ἀλλὰ
1378 2614 1417 2680 τῷ
1431 2609 1503 2681 θείῳ
1520 2607 1602 2680 νόμῳ

291 2691 506 2760 συναπτόμενον
523 2693 573 2746 καί
589 2691 634 2746 διὰ
652 2689 770 2758 μελέτης
786 2693 836 2760 τὴν
856 2686 969 2756 ἀπλανῆ
986 2691 1107 2760 πορείαν
1123 2694 1323 2764 κατορθοῦντα
1342 2685 1433 2762 ἑαυτῷ
1445 2693 1491 2758 (<
1504 2692 1542 2761 C),
1562 2689 1601 2757 ὥς

291 2773 326 2830 ἀν
344 2773 509 2846 ένριζωθείη
528 2783 617 2846 φυτοῦ
635 2777 713 2844 δίκην
731 2773 807 2845 αὐτῷ
826 2771 979 2846 (έρριζωθῇ
1004 2772 1095 2844 φόνου
1113 2774 1192 2844 δίκην
1210 2772 1279 2831 αύτό
1293 2775 1322 2839 C)
1340 2776 1357 2844 η
1380 2773 1452 2848 πρός
1463 2774 1497 2830 τδ
1510 2785 1598 2846 κρεῖτ·

289 2880 340 2916 τον
358 2855 414 2926 έξις
430 2868 492 2926 ταῖς
509 2863 591 2925 θείας
608 2861 798 2925 διδασκαλίαις
816 2855 1007 2930 έπαρδομένη,
1024 2859 1120 2928 τίθησι
1131 2858 1161 2914 δὲ
1177 2861 1227 2915 καί
1238 2857 1271 2915 τό
1285 2856 1426 2929 ἐπιτίμιον
1437 2867 1496 2915 τῶν
1508 2857 1597 2932 ἁμαρ-

289 2949 389 3001 τωλῶν
407 2944 423 3000 ὁ
442 2947 588 3018 προφήτης
614 2943 648 3000 τό
671 2941 877 3015 εὐδιαφόρητον
904 2941 997 2998 αὐτῶν
1021 2945 1114 3010 δείξας
1138 2945 1186 2999 καί
1204 2943 1237 2999 τό
1256 2939 1411 3013 ὑπηνέμιον
1429 2941 1596 3015 (ὑπονόμων

290 3031 320 3097 C)
339 3032 388 3085 καί
404 3032 455 3098 τὴν
472 3026 533 3086 κατ’
553 3028 634 3095 ἀξίαν
653 3027 911 3098 έπανατεινάμενος
928 3029 1057 3084 κόλασιν·
1086 3025 1257 3096 ἀποστῶμεν
1275 3035 1324 3096 τῆς
1342 3029 1444 3094 κακίας
1460 3031 1534 3098 (ταῖς
1549 3051 1595 3085 κα-

289 3116 363 3179 κίαις
380 3115 410 3184 C)
430 3116 456 3184 (η
474 3112 529 3184 γὰρ
548 3111 648 3186 πρώτη
666 3111 738 3184 πρὸς
754 3112 788 3168 τό
807 3109 921 3181 ἀγαθόν
944 3108 1054 3178 εἴσοδος
1070 3113 1087 3181 η
1106 3117 1164 3167 τῶν
1187 3111 1322 3168 ἐναντίων
1340 3109 1416 3168 ἐστίν
1433 3109 1596 3180 ἀπόστασις,

289 3195 323 3255 δι’
345 3195 377 3268 ἧς
399 3201 508 3270 γίνεται
529 3197 545 3266 ὴ
568 3200 674 3267 μετοχὴ
700 3204 753 3253 τοῦ
769 3197 924 3268 βελτίονος)
950 3199 999 3253 καί
1025 3199 1096 3266 μήτε
1117 3199 1168 3266 την
1189 3200 1283 3268 ψυχὴν
1305 3193 1436 3265 ἐάσωμεν
1456 3203 1597 3254 κινεῖσθαι

290 3291 350 3349 τοῖς
368 3281 563 3351 ἐνθυμήμασιν
582 3277 656 3338 ὅπου
673 3281 805 3355 βούλοιτο
823 3283 894 3350 μήτε
913 3287 1024 3350 στῶμεν
1042 3279 1073 3338 ἐν
1084 3288 1124 3353 τῷ
1136 3288 1224 3354 κακῷ.
1260 3279 1287 3338 εί
1303 3274 1327 3336 δ’
1339 3273 1397 3350 σύν,
1410 3279 1482 3338 ἀλλά
1495 3285 1534 3352 μὴ
1547 3303 1595 3340 πα·

290 3369 355 3437 γίαν
373 3362 431 3433 ἕξιν
449 3365 551 3422 τούτου
563 3365 772 3438 προσλάβωμεν
784 3363 986 3438 (πραλάβωμεν
997 3366 1092 3434 Ρίίτει),
1111 3362 1171 3422 ἀλλ’
1184 3363 1381 3436 ἀπερείσωμεν
1394 3361 1596 3436 (ύπερείσωμεν

289 3453 375 3520 Fibra)
393 3450 445 3516 τὰς
463 3453 592 3520 θελήσας
609 3449 689 3519 ἡμῶν
707 3457 747 3524 τῷ
773 3459 825 3506 τοῦ
846 3454 919 3506 θεοῦ
936 3451 1016 3526 νόμῳ
1035 3453 1084 3506 καί
1101 3453 1236 3520 διηνεκῶς
1252 3449 1345 3524 τούτῳ
1363 3447 1596 3522 έμμελετήσωμεν

290 3537 348 3606 (καί
366 3565 399 3575 -
417 3535 514 3604 ἐμμελ.
533 3552 578 3588 am
591 3535 670 3588 Rand
682 3536 723 3603 P),
743 3531 820 3600 ὅπως
832 3531 868 3590 ἀν
881 3531 1136 3604 ἀφομοιωθείημεν
1154 3531 1469 3604 (ἀποφομοιωθὴσομαι
1482 3536 1512 3602 Ο)
1526 3536 1596 3609 ξύλῳ

289 3619 431 3676 ἀειθαλεῖ·
468 3613 541 3674 ούτω
560 3617 615 3690 γὰρ
628 3621 860 3689 γνωσθησόμεθα
872 3626 913 3688 τῷ
925 3622 984 3691 θεῷ
997 3622 1045 3675 καί
1056 3618 1218 3688 μεθέξομεν
1235 3625 1285 3687 τῆς
1302 3617 1390 3675 αὐτοῦ
1408 3615 1596 3690 ἀγαθότητος.

289 3696 373 3768 (ούτω
392 3731 425 3740 -
444 3697 712 3772 ἀγαθότητος<0;
730 3703 820 3758 daffir:
840 3699 953 3776 ἀσεβεῖς
964 3703 994 3759 δέ
1005 3707 1043 3773 μὴ
1056 3700 1258 3772 μιμησύιμεθα,
1277 3699 1305 3758 οἳ
1323 3705 1374 3772 τὴν
1386 3699 1530 3774 πρόνοιαν
1547 3709 1598 3760 τοῦ

290 3787 477 3857 (δημιουργοῦ
488 3789 553 3856 τοῦ)
567 3790 610 3855 (-Ι-
623 3788 709 3855 Pin-a)
719 3785 828 3854 παντός
840 3782 1032 3858 ἀθετήσαντες
1044 3790 1093 3843 καί
1102 3791 1153 3856 την
1162 3791 1228 3858 περὶ
1237 3797 1289 3842 τοῦ
1300 3793 1390 3843 καλοῦ
1401 3790 1495 3861 κρίσιν
1506 3809 1537 3846 τε
1549 3790 1596 3845 καί

288 3867 438 3940 διάγνωσιν
450 3877 500 3938 τῆς
511 3867 619 3926 ἑαυτῶν
633 3863 861 3943 ἀποβεβληκότες
873 3878 964 3940 ψυχῆς
975 3875 1164 3929 καθεδοῦνται
1176 3874 1230 3940 (SM
1247 3874 1455 3930 καθευδοῦνται
1469 3874 1499 3940 C)
1508 3876 1594 3942 διηνε·

287 3959 345 4020 κῶς
357 3951 389 4009 έν
400 3962 440 4025 τῷ
453 3954 665 4026 παραπτώματι
676 3959 725 4012 καὶ
738 3953 789 4011 ούκ
802 3954 1019 4024 ἀναστήσονται.
1043 3951 1117 4012 ούτω
1130 3955 1185 4029 γὰρ
1198 3957 1430 4027 γνωσθησόμεθα
1442 3955 1474 4013 έν
1484 3965 1525 4029 τῷ
1537 3962 1594 4029 θεῷ

287 4042 336 4094 καί
352 4037 513 4109 μεθέξομεν
539 4047 589 4109 τῆς
611 4039 700 4097 αίποῦ
717 4034 897 4110 ἀγαθότητος
920 4035 950 4096 έν
968 4060 999 4097 τε
1016 4047 1056 4114 τῷ
1075 4035 1197 4114 παρόντι
1214 4042 1266 4115 βίῳ
1284 4043 1333 4097 καί
1351 4039 1381 4097 έν
1398 4047 1438 4114 τῷ
1456 4041 1594 4110 μέλλοντι,

288 4121 412 4180 ἐνταῦθα
438 4123 493 4194 μὲν
517 4133 580 4190 ταῖς
606 4124 697 4182 ἐλπίσι
714 4131 887 4196 τρυφῶντες,
915 4123 1006 4182 ἐκεῖσε
1033 4124 1062 4182 δὲ
1080 4123 1175 4182 αὐτῶν
1194 4119 1313 4194 ἀγαθῶν
1332 4119 1545 4194 ἀπολαύοντες.)
1563 4157 1594 4167 -

287 4210 391 4264 6-11).
412 4210 526 4267 12-14
544 4211 616 4264 Ρεαί.
635 4215 658 4276 1,
676 4213 700 4264 1.
719 4210 756 4264 3f

372 4361 390 4414 2
411 4359 444 4429 ἣν
462 4360 490 4414 in
507 4363 568 4416 Rus.
588 4362 621 4414 F¹
645 4367 649 4430 Ι
673 4362 692 4418 3
711 4358 843 4430 εὐφρανῶ
862 4360 889 4431 (ρ
907 4359 975 4413 iiber
992 4360 1016 4413 d.
1029 4361 1066 4428 Ζ.)
1085 4360 1127 4414 M²
1148 4358 1263 4429 εύφανῶ
1281 4361 1326 4415 M*
1349 4362 1355 4427 Ι
1377 4362 1396 4416 ό
1414 4361 1518 4432 [φησίν]
1537 4359 1589 4428 vix

289 4444 326 4499 ll
348 4437 385 4498 ἵν’
403 4436 492 4512 ὦιμεν
509 4446 538 4499 M
554 4441 602 4500 ’ἱνα
620 4437 700 4514 ὦμεν
716 4446 737 4499 F
753 4448 757 4514 Ι
773 4442 943 4513 ἀντισηκούν
955 4445 1104 4499 Markland
1121 4446 1178 4513 vgl.
1197 4447 1222 4499 S.
1238 4448 1294 4512 142,
1313 4447 1344 4498 27
1365 4437 1499 4500 ἀντισοῦν
1517 4445 1567 4500 FM
1588 4452 1590 4509 1

290 4528 326 4583 12
344 4533 441 4583 τού-
453 4531 539 4598 ζυγοῦ
557 4530 623 4583 MF*
641 4537 680 4600 τῷ
700 4561 732 4570 -
750 4533 824 4600 ζυγῷ
843 4531 877 4584 1²²
892 4533 896 4597 Ι
916 4527 1127 4596 ἐνδεικνύμενος
1144 4530 1207 4582 F2M
1234 4525 1447 4597 ἐνδεικνυμένου
1464 4529 1499 4583 θ’
1515 4532 1519 4598 Ι
1535 4523 1593 4585 ἀλλ’

286 4611 303 4680 ἢ
321 4612 407 4666 durch
426 4613 512 4666 Rasur
530 4614 631 4685 gebilgt
649 4615 669 4667 F
684 4618 688 4684 Ι
706 4615 743 4672 13
762 4612 890 4686 έκριπτεῖ
906 4615 949 4668 Μ*
967 4611 1092 4684 ἐκρίπτει
1110 4615 1175 4668 FM²
