3520 5480
314 671 572 761 τερθρεῦμασιν·
594 669 828 798 ῦποδείξωμεν
849 678 884 743 δὲ
907 669 1024 757 αῦταῑς
1044 669 1265 761 κομμωτικὴν
1286 669 1463 757 σώφρονα·
1499 611 1630 751 κάλλοὲ
1677 625 1733 706 ί

315 771 376 862 γὰρ
404 770 546 874 ἄριστον
575 777 721 860 πρῶτον
750 778 811 861 μὲν
843 771 883 842 τὸ
915 768 1069 860 ψυχικόν,
1102 801 1150 854 ως
1171 766 1337 852 πολλάκις
1359 766 1631 900 ἐπεσημηνάμην,

316 865 402 943 όταν
424 875 444 960 5
468 877 698 960 κεκοσμημένη
728 871 818 961 ψυχὴ
849 867 934 960 άγίςο
964 870 1131 960 πνεύματι
1161 877 1216 942 καὶ
1246 889 1319 953 τοῖς
1348 873 1386 940 ἐκ
1418 868 1549 942 τοῦτου
1577 876 1632 959 ἐμ·
1732 867 1733 926 ἶ

280 979 481 1062 οπνεομένη
505 969 762 1060 φαιδρῦσμασιν,
793 970 1003 1092 δικαιοσύνη
1035 969 1209 1060 φρονήσει,
1240 966 1391 1062 ἀνδρείᾳ,
1422 968 1631 1060 σωφροσύνῃ

315 1080 505 1162 φιλαγαθίμ
527 1079 642 1142 τεκαὶ
664 1062 812 1155 αἰδοῖ,
794 1100 833 1158 ης
856 1067 956 1142 οῦδὲν
977 1068 1224 1156 εὐανθέστερον
1245 1075 1363 1159 χρῶμα
1385 1067 1536 1156 ἑώραται
1558 1069 1632 1140 παί-

313 1199 407 1243 ποτε.
452 1174 568 1242 ἔπειτα
588 1178 644 1241 καὶ
666 1169 708 1242 τό
729 1169 924 1258 σωματικόν
945 1167 1071 1254 κάλλος
1093 1165 1268 1260 ἠσκήσθω,
1292 1175 1492 1258 »συμμετρία
1514 1177 1664 1257 μελῶν2

314 1277 369 1343 καὶ
389 1279 504 1360 μερῶν
524 1266 595 1360 μετ’
612 1265 793 1358 εῦχροίαςι.
829 1267 1063 1359 ἡκομμωτικὴ
1085 1276 1147 1358 τῆς
1168 1266 1280 1358 ῦγείας
1302 1273 1453 1339 ἐνταῦθα
1475 1260 1631 1349 εῦθετος.

314 1367 393 1442 καθ’
417 1369 459 1462 ἣν
483 1365 503 1459 5
525 1377 589 1442 τοῦ
611 1369 755 1441 εἰδώλου
776 1375 838 1440 τοῦ
853 1365 1066 1441 ἐπιπλόστου
1086 1374 1132 1452 εἰς
1148 1367 1189 1442 τό
1204 1367 1331 1458 ἀληθὲς
1345 1364 1526 1457 μετάβασις
1540 1367 1631 1439 κατὰ

264 1490 298 1546 10
315 1469 356 1542 τό
387 1475 494 1559 σχῆμα
525 1468 565 1539 τὸ
596 1473 632 1540 ἐκ
664 1475 726 1540 τοῦ
752 1473 837 1540 θεοῦ
859 1473 1041 1558 δεδομένον
1062 1475 1277 1557 περιγίνεται.
1321 1466 1412 1556 δεινὴ
1434 1473 1470 1539 δέ
1492 1477 1631 1538 καλλω-

315 1577 410 1641 πίσαι
430 1568 519 1641 κατὰ
542 1567 643 1657 φύσιν
666 1564 686 1657 5
701 1575 775 1640 τοῖιν
789 1575 912 1638 ποτῶν
927 1564 1083 1656 εὐκρασία
1097 1575 1153 1638 καὶ
1174 1565 1194 1658 5
1209 1575 1284 1640 τῶν
1298 1575 1419 1638 σιτίων
1433 1575 1629 1656 συμμετρία
1732 1581 1733 1584 ’

315 1666 356 1741 οῦ
378 1669 440 1759 γάρ
471 1665 579 1758 μόνον
609 1666 673 1757 τὴν
702 1665 829 1756 ῦγίειαν
851 1672 932 1754 ἴσχει
962 1666 1003 1740 τό
1025 1675 1121 1757 σῶμα
1151 1671 1189 1739 ἐκ
1211 1667 1362 1750 τούτων,
1394 1663 1563 1737 ἀλλὰκαὶ
1587 1665 1627 1736 τὸ

314 1766 440 1852 κάλλος
463 1776 700 1856 διαφαίνεσθαι
722 1786 820 1838 ποιεῖ.
864 1763 932 1840 άπὸ
955 1766 1017 1856 γάρ
1040 1775 1103 1838 τοῦ
1097 1767 1303 1890 πυρώδους
1326 1764 1366 1836 τό
1387 1765 1557 1836 στιλπνὸν
1572 1773 1628 1836 καὶ
1646 1784 1660 1835 3

314 1873 577 1957 μαρμαρυγοῦδες
598 1875 811 1956 περιγίνεται,
842 1864 911 1939 άπὸ
943 1873 978 1939 δέ
999 1873 1064 1938 τοῦ
1085 1863 1190 1956 ῦγροῦ
1213 1864 1253 1937 τό
1276 1863 1435 1954 λαμπρὸν
1456 1871 1513 1935 καὶ
1535 1893 1629 1954 κεχα-

264 1988 297 2041 15
314 1974 481 2058 ρισμένον,
511 1963 579 2039 άπὸ
609 1972 645 2038 δέ
676 1973 739 2040 τοῦ
769 1973 873 2092 ξηροῦ
894 1966 935 2038 τό
957 1964 1138 2136 άνδραΞδεςἶ
1149 1975 1205 2037 καὶ
1227 1964 1361 2082 πάγιον,
1394 1961 1462 2036 άπὸ
1493 1970 1531 2036 δὲ
1565 1971 1628 2037 τοῦ
1732 2019 1733 2022 ¹

315 2063 485 2156 άεροόδους
507 2063 548 2137 τό
570 2058 722 2138 εῦπνουν
743 2073 798 2136 καὶ
820 2064 1089 2152 ίσοοτάσιον,ἐξ
1072 2059 1163 2152 ξῦν
1186 2060 1205 2138 5
1235 2057 1403 2187 εῦρυθμος
1421 2068 1426 2151 l
1444 2069 1501 2134 καὶ
1523 2064 1628 2146 καλὸς
1644 2080 1714 2136 >9³1³
1732 2037 1733 2116 ί

316 2159 418 2250 οῦτος
440 2163 577 2286 άνδριάς
599 2171 663 2236 τοῦ
665 2164 789 2292 λόγου
810 2163 1021 2256 κεκόσμηται
1066 2165 1175 2248 ἄνθος
1198 2171 1232 2236 δὲ
1255 2170 1317 2254 τῆς
1347 2160 1472 2252 ῦγιείας
1493 2167 1627 2236 ἐλευθέ-

315 2294 390 2353 ριον
412 2266 453 2336 τό
475 2263 616 2348 κάλλος
659 2261 680 2352 5
702 2264 847 2355 μὲνγὰρ
870 2269 971 2338 ἐνδον
992 2271 1056 2336 τοῦ
1078 2263 1236 2354 σώματος
1251 2260 1433 2351 ἐργάζεται,
1456 2262 1498 2377 τό
1521 2269 1559 2334 δε
1582 2271 1627 2345 είς

316 2365 356 2436 τὸ
379 2364 477 2448 ἐκτὸς
499 2364 740 2453 τοῦσώματος
762 2369 953 2456 ἐξανθῆσαν
976 2365 1126 2452 φανερὰν
1147 2369 1356 2436 ἐνδείκνυται
1378 2360 1442 2450 τὴν
1458 2354 1625 2451 εὔχροιαν

264 2485 298 2539 ‘20
317 2468 350 2535 αί
372 2471 454 2553 γοῦν
484 2460 662 2535 κάλλισται
692 2460 797 2534 καί“
777 2462 1005 2552 υγιεινόταται
1026 2461 1155 2552 ἀγωγαὶ
1177 2467 1397 2536 διακονοῦσαι
1418 2459 1462 2531 τὰ
1484 2461 1626 2551 σώματα
1642 2487 1697 2548 651

315 2561 356 2634 τό
379 2561 506 2645 κάλλος
528 2561 569 2634 τό
587 2561 727 2651 γνήσιον
749 2571 804 2632 καὶ
826 2562 1030 2652 παράμονον
1043 2561 1251 2652 ἐργάζονται,
1274 2563 1436 2642 ἕλκοντος
1455 2555 1538 2647 ἐφ’(
1526 2561 1626 2633 εαυτό
1732 2609 1733 2612 =

316 2670 379 2735 τοῦ
400 2668 531 2752 θερμοῦ
553 2660 618 2753 τήν
641 2690 678 2734 τε
700 2660 821 2752 ἰκμάδα
843 2670 957 2735 πᾶσαν
977 2662 1092 2734 καὶτὸ
1114 2667 1246 2752 πνεῦμα
1268 2658 1308 2731 τό
1332 2654 1476 2747 ψυχρόν·
1521 2655 1627 2730 ὁλκὸν

315 2769 351 2834 δέ
373 2769 418 2844 είς
441 2761 566 2852 ἑαυτὴν
587 2760 607 2851 5
630 2759 802 2850 θερμότης
824 2767 1060 2852 ἐκριπιζομένη
1078 2759 1254 2850 κινήσεσιν.
1290 2757 1427 2830 ἐπειδὰν
1446 2763 1482 2828 δε
1498 2759 1627 2846 ἓλκῦση,

316 2860 559 2951 ἀλεαινομένην
589 2858 695 2951 ἡρέμα
725 2858 766 2933 δι’
799 2859 916 2933 αὐτῶν
947 2857 1075 2951 άτμίζει
1107 2869 1180 2932 τῶν
1210 2865 1346 2947 σαρκοῦν
1377 2857 1474 2947 <τὴν>
1507 2864 1544 2929 ἐκ
1567 2866 1627 2948 τῆς

264 2993 298 3049 25
316 2967 447 3053 τροφῆς
468 2971 674 3050 περιουσίαν,
696 2969 787 3050 ποοῇ
807 2967 868 3049 μὲν
890 2969 933 3050 τῇ
955 2957 1125 3050 ὑγρότητι,
1147 2956 1318 3047 ῦπερβολῇ
1341 2963 1376 3030 δὲ
1402 2956 1626 3049 θερμότητος.

316 3063 446 3135 διὸκαὶ
469 3059 489 3152 5
510 3069 663 3150 προτέρα
684 3067 842 3133 κενοῦται
865 3058 991 3150 τροφή·
1016 3056 1168 3149 ἀκινήτῳ
1192 3065 1228 3130 δὲ
1250 3064 1300 3148 τῷ
1323 3057 1455 3144 σώματι
1478 3055 1519 3128 τό
1542 3067 1655 3146 Rom-2

315 3169 379 3234 θέν
400 3169 510 3234 σιτίον
542 3158 582 3233 οῦ
603 3159 824 3249 προσφύεται,
855 3156 941 3231 ἀλλὰ
964 3165 1134 3244 ἐκπίπτει,
1167 3157 1281 3245 ωσπερ
1311 3153 1380 3228 άπδ
1403 3163 1537 3247 ψυχροῦ
1558 3167 1624 3227 κλι-

315 3259 422 3364 βάνου
445 3256 464 3333 δ
488 3256 627 3349 άρτοςῆ
650 3255 731 3343 ῦλος
753 3257 774 3349 5
795 3257 902 3382 μόνον
917 3257 1186 3348 ῦπολειπόμενος
1201 3257 1264 3330 τόν
1279 3263 1444 3346 πυθμένα.
1482 3252 1654 3338 είκότως3

316 3365 379 3433 οῦν
401 3380 474 3444 τοῖς
496 3359 730 3480 περιττεῦουσι
751 3360 840 3430 κατὰ
863 3359 923 3480 τὰς
946 3357 1148 3450 άποτρίψεις
1170 3357 1212 3428 τά
1235 3359 1319 3444 οὐρα
1337 3363 1393 3426 καὶ
1415 3355 1457 3426 τά
1476 3354 1625 3439 σκύβαλα

264 3489 298 3544 30
315 3458 502 3546 πλεονάζει,
524 3457 702 3546 πλεονάζει
737 3466 849 3530 δὲκαὶ
873 3459 914 3530 τά
937 3457 1024 3530 ἄλλα
1054 3458 1295 3546 περιττώματα
1325 3451 1449 3536 αῦτοίς,
1481 3455 1570 3541 πρὸς
1591 3463 1625 3528 δὲ

314 3569 371 3631 καὶ
402 3562 433 3630 οἱ
455 3562 605 3646 ίδρῶτες,
637 3554 698 3630 οῦκ
721 3555 964 3648 άναδιδομένης
987 3565 1037 3646 τῷ
1061 3558 1192 3645 σώματι
1213 3560 1275 3644 τῆς
1298 3561 1437 3644 τροφῆς,
1469 3551 1559 3627 ἀλλὰ
1581 3563 1625 3638 εἰς

315 3659 358 3731 τὰ
376 3659 519 3747 περιττά
542 3663 748 3750 ἐκχεομένης.
788 3664 948 3730 ἐντεῦθεν
969 3665 1025 3728 καὶ
1048 3659 1080 3727 αἱ
1103 3665 1253 3744 λαγνεῑαι
1276 3649 1460 3743 δρμεῦνται,
1480 3663 1560 3743 περὶ
1583 3655 1624 3726 τὰ
1639 3678 1695 3740 σοι

314 3766 533 3840 παιδοποιίας
554 3756 654 3848 μόρια
677 3760 891 3848 ἐπιρρεούσης
914 3764 975 3847 τῆς
997 3764 1196 3843 περιττείας.
1228 3752 1314 3842 <διό>
1336 3751 1485 3842 κινήσεσι
1508 3763 1623 3845 συμμέ-

315 3887 409 3947 τροις
433 3858 506 3946 [διό]
530 3865 675 3948 τηκτέον
698 3859 828 3947 ταύτην
851 3857 914 3947 τὴν
937 3863 1133 3943 περιττείαν
1154 3860 1209 3924 καὶ
1232 3858 1279 3934 είς
1300 3858 1406 3941 πέιριν
1429 3850 1624 3942 άναγυτεόν,

263 3985 296 4039 35
316 3957 357 4030 δι’
380 3953 419 4050 ἧς
441 3960 482 4032 τὸ
506 3956 631 4041 κάλλος
653 3964 897 4048 ἐρυθραίνεται.

399 4132 417 4187 θ
435 4131 492 4200 vgl.
505 4129 586 4184 Paed.
600 4131 626 4182 ΙΙ
640 4131 697 4195 121,
711 4131 740 4192 2;
758 4129 833 4196 1114,
848 4131 876 4192 1;
893 4129 934 4190 20,
949 4131 965 4183 5
978 4157 1010 4166 -
1027 4125 1068 4182 Η
1084 4124 1138 4195 vgl.
1152 4124 1267 4179 Creuzer
1285 4141 1318 4178 zu
1331 4123 1425 4179 Plotin
1438 4123 1478 4178 De
1491 4125 1596 4194 pulchr.
1610 4127 1622 4178 1

398 4280 441 4337 Η
456 4278 663 4350 ἐμπνεαμέναις
681 4280 730 4334 Με.
744 4280 782 4348 15
806 4275 931 4351 ἀνδρεῖαι
948 4278 987 4331 Ρ*
1005 4274 1116 4346 ἀνδρίαι
1136 4276 1169 4328 Ρι
1185 4277 1223 4352 {5
1241 4267 1366 4345 ἑώραται
1387 4273 1421 4327 Ρ1
1440 4267 1550 4344 ἑωρᾶτε
1563 4277 1599 4329 Ρ*

316 4367 329 4421 ί
351 4366 508 4434 συμμετρία
527 4364 562 4417 Vi
580 4365 749 4437 συμμετρίαι
767 4365 808 4432 ΡΙ
825 4366 862 4421 17
883 4361 921 4432 δὲ]
941 4359 995 4434 γὰρ
1014 4362 1036 4416 Ρ
1056 4364 1059 4429 Ι
1086 4360 1145 4417 17ί
1169 4355 1321 4430 ἐλεύθερον
1339 4359 1360 4412 Ρ
1375 4361 1379 4424 Ι
1396 4360 1434 4414 19
1454 4355 1623 4416 ἐνδείκνυται

312 4449 381 4503 P³F¹
399 4447 570 4506 ἐνδεικνύναι
588 4448 769 4516 Ρ*Ρ*λ1122
789 4445 885 4518 δλκδν]
905 4441 990 4502 ἕλκον
1007 4445 1044 4500 F*
1059 4444 1064 4511 1
1079 4445 1119 4500 24
1141 4441 1346 4512 ἀλεαινομένην
1364 4439 1513 4497 Ματίτὶεῦδ
1530 4439 1622 4499 ἀλεαι-

312 4532 440 4598 νομένων
458 4534 480 4586 Ρ
496 4535 500 4600 Ι
516 4531 626 4601 ἀτμίζει
645 4532 743 4588 Lowth
761 4529 892 4600 ἀτιμάζει
910 4533 931 4585 Ρ
947 4533 950 4599 4
966 4533 1017 4600 την
1035 4530 1102 4584 θυαε
1120 4530 1145 4583 d.
1164 4529 1191 4582 Z.
1208 4528 1261 4593 1³²1
1278 4528 1316 4583 25
1335 4528 1430 4596 ποσῆι]
1452 4528 1531 4580 Poorr
1548 4529 1621 4595 πόση

312 4618 350 4670 Ρ*
366 4622 369 4686 Ι
387 4621 424 4674 26
436 4621 526 4690 τρυφή
537 4619 557 4672 Ρ
573 4620 576 4683 ί
593 4617 632 4672 29
644 4625 704 4681 τοῖς
715 4614 918 4684 περιττεύουοι]
930 4614 1041 4678 τούτοις
1051 4611 1207 4685 περιττεόει
1218 4613 1249 4667 st
1263 4614 1267 4680 Ι
1284 4611 1343 4668 θθΐ
1359 4611 1429 4681 (διὸ,Ι
1440 4609 1503 4682 [διδ]
1514 4611 1621 4666 Μῐὶοτεὶ
