3520 5480
308 392 368 456 320
899 380 1032 434 Clemens.

307 546 446 618 τούτων
467 551 634 632 παρορμή,
658 549 844 632 τηνικαῦτα
865 549 1084 632 παιδαγωγοῦ
1104 552 1218 633 χρείαν
1240 539 1423 615 ὑποδύεται
1445 544 1534 632 πρὸς
1549 551 1622 627 βελ-
1734 533 1735 566 ³

308 655 427 716 τίωσιν
457 651 653 734 παρορμῶν.
696 643 752 714 διά
781 650 842 731 μὲν
874 636 936 714 οῦν
968 650 1028 733 τῆς
1059 649 1258 732 προτροπῆς
1291 649 1337 726 είς
1360 641 1514 716 διάθεσιν
1536 643 1622 734 ἦθο-

308 753 421 826 ποιίας
435 755 632 833 παρακαλεῖ,
656 742 710 814 διὰ
726 749 761 813 δὲ
776 749 839 813 τοῦ
853 739 1063 816 ὑποθετικοῦ
1077 740 1256 826 ὑποθέσεις
1271 743 1439 826 είκονικάς
1453 741 1623 832 ἐπεισάγει
1734 729 1735 750 ³

310 844 363 915 διὰ
387 851 460 915 τῶν
483 840 682 930 ἐκφράσεων
703 841 744 913 τὸ
768 845 912 928 ἔμπεδον
932 839 1126 914 ὑποτείνων
1149 851 1223 915 τῶν
1244 851 1326 932 πρὶν
1347 851 1625 932 πεπλανημένων

275 962 383 1025 5τοις
412 937 568 1030 ῦστερον·
611 937 670 1029 ἀφ’
702 935 743 1013 οῦ
773 949 828 1013 καὶ
860 943 1106 1030 θεραπευτικὸς
1136 939 1370 1032 προσεκλήθη,
1402 941 1456 1014 διὰ
1491 949 1528 1013 δὲ
1562 950 1625 1013 τοῦ

309 1048 597 1132 παραμυθητικοῦ
627 1043 691 1132 τὴν
722 1042 776 1113 διὰ
805 1050 987 1131 μετανοίας
1013 1039 1183 1114 ἐπάνοδον
1206 1037 1369 1114 ὁπωσοῦν
1389 1042 1476 1130 πρὸς
1498 1041 1566 1131 τὴν
1589 1047 1625 1128 ἐξ

310 1141 413 1232 ἀρχῆς
434 1139 665 1227 ὑποβάλλεται
688 1137 893 1230 οἰκειότητα·
936 1143 1007 1213 ἐστι
1029 1137 1062 1212 δ’
1087 1137 1146 1212 ὅτε
1165 1150 1222 1212 καί
1249 1148 1494 1225 διδασκαλικῶς
1518 1133 1624 1224 οὗτος
1734 1183 1735 1190 1

311 1239 472 1332 πρόεισιν.
516 1233 556 1312 οῦ
578 1248 641 1313 νῦν
663 1239 725 1314 οῦκ
747 1243 838 1314 ἐστιν
860 1239 984 1328 καιρός,
1007 1235 1062 1312 ῦτι
1083 1247 1166 1330 μηδὲ
1189 1240 1380 1331 δογμάτων.
1401 1247 1435 1310 Μ

395 1353 443 1420 90,
466 1351 505 1412 28
529 1335 685 1429 άμφω]ῦ
718 1338 973 1430 παρακλητικὸς
1004 1337 1082 1429 ήτοι
1104 1338 1351 1430 παραινετικῦς,
1374 1347 1428 1410 καὶ
1451 1335 1470 1411 6
1492 1338 1624 1412 ῦποθε·
1734 1335 1735 1360 ί

261 1471 273 1521 1
314 1438 416 1513 τικῦ.
436 1447 471 1510 Μ

277 1469 294 1522 0
391 1473 443 1624 60,
466 1549 505 1611 29
529 1536 647 1610 διττόν
679 1563 760 1629 φησι
789 1547 845 1611 καὶ
878 1539 917 1612 τῦ
951 1517 1128 1625 είκονικόν,
1160 1571 1208 1622 ως
1240 1539 1293 1610 διά
1325 1547 1398 1612 τοῦν
1418 1536 1627 1612 ὑποθέσεων

313 1637 391 1730 ήτοι
417 1646 491 1710 τιῦν
522 1636 808 1730 παραδειγμάτων
839 1638 903 1727 τήν
925 1644 1013 1711 ίασιν
1036 1658 1109 1723 ταῖς
1130 1659 1252 1728 ψυχαῖς
1283 1636 1380 1730 ήμῶν
1402 1638 1626 1727 συμπεραινό-

313 1768 422 1829 μενος.
444 1745 478 1808 Μ

397 1851 444 1922 91,
468 1849 507 1911 23
529 1836 570 1908 τὸ
597 1836 773 1928 ισχήματιι
807 1834 849 1908 οῦ
875 1838 961 1910 κατά
993 1837 1073 1920 τοῦς
1103 1836 1226 1928 λήρους
1249 1841 1503 1926 φαντασιαστάς
1526 1836 1627 1912 6606--
1734 1879 1735 1896 1

265 1965 296 2018 15
315 1945 424 2023 στίον,
456 1935 542 2010 άλλά
572 1939 659 2009 κατά
691 1935 755 2008 τὸν
785 1949 883 2010 θεῖον
905 1943 1053 2022 Παῦλον,
1085 1932 1124 2022 ῦς
1153 1947 1209 2009 καὶ
1239 1934 1342 2019 αὑτὸς
1373 1936 1518 2026 φάσκων
1553 1947 1625 2010 »καί
1734 1957 1735 1982 ³

315 2036 458 2128 σχήματι
488 2033 638 2123 εὑρεθείς
668 2035 716 2118 ιὺς
747 2035 953 2128 ἄνθρωπος(
987 2045 1048 2128 τῆς
1075 2038 1178 2129 λύμης
1209 2034 1417 2109 ἀπαλλάσσει
1442 2034 1530 2128 ἡμᾶς
1553 2046 1628 2110 τῶν
1734 2033 1735 2112 J

317 2143 596 2226 φαντασιαστιῦν·
617 2139 900 2226 προσεπενεγκδιν
922 2137 985 2226 γάρ
1007 2146 1058 2229 τῷ
1077 2136 1254 2228 ισχήματιι
1273 2136 1314 2209 τὸ
1333 2134 1400 2220 »οῦς
1415 2137 1624 2228 άνθρωποςι

317 2241 439 2323 ἔδειξεν
461 2230 517 2307 ὅτι
538 2242 590 2325 τῷ
613 2232 793 2325 ἐναλήθως
816 2236 995 2328 ἀνθρώπῳ
1027 2247 1082 2308 καὶ
1113 2237 1156 2310 τὸ
1178 2244 1286 2328 σχῆμα
1306 2241 1543 2308 ἐπακολουθεῖ.
1586 2236 1627 2308 τὸ

318 2337 379 2426 γάρ
404 2332 489 2417 νοῦς(
515 2340 664 2406 ἐνταῦθα
695 2332 755 2422 οῦχ
777 2330 1046 2424 ὁμοιωματικῶς,
1078 2334 1166 2409 άλλά
1196 2343 1427 2423 βεβαιωτικῶς
1458 2341 1625 2426 εἴληπται.

267 2459 301 2514 20
320 2435 368 2519 αἱς
389 2445 446 2507 καὶ
468 2439 523 2506 ἐπὶ
545 2442 607 2506 τοῦ
632 2433 699 2516 »οῦς
723 2432 851 2523 ἀγαθὸς
873 2431 892 2506 δ
915 2437 997 2519 θεὸς
1019 2445 1070 2526 τῷ
1092 2433 1249 2527 Ἰσραήλι.
1270 2441 1304 2505 Μ

402 2546 452 2618 92,
474 2541 520 2606 81
538 2532 692 2624 ἐξήγησις
713 2543 892 2622 θαυμασία.
918 2539 950 2603 Μ

402 2645 451 2718 92,
477 2645 513 2704 15
537 2628 836 2722 άποψήξασθαι]’
816 2630 884 2754 666
908 2640 972 2706 τοῦ
993 2632 1103 2754 ψήχω.
1124 2641 1159 2704 Μ

402 2743 451 2818 92,
476 2743 513 2804 16
536 2730 599 2803 τὸν
631 2731 802 2853 λογισμὸν]
836 2734 876 2806 τὸ
908 2731 1126 2823 λογιστικόν,
1145 2765 1193 2818 ως
1224 2742 1301 2824 περὶ
1332 2733 1397 2823 τήν
1427 2739 1568 2822 καρδίαν
1590 2733 1630 2804 τὸ

320 2831 467 2923 θυμικὸν
489 2839 544 2902 καὶ
567 2841 645 2919 περὶ
669 2830 708 2903 τὸ
732 2837 824 2922 ήπαρ
848 2833 888 2905 τὸ
912 2831 1166 2952 ἐπιθυμητικόν.
1189 2839 1223 2902 Μ

269 2956 302 3009 25
404 2943 453 3018 94,
474 2941 493 3003 8
515 2928 891 3020 παραπαιδαγωγων]
871 2930 939 3002 απὸ
962 2939 1025 3003 τοῦ
1046 2933 1293 3022 παιδαγωγοῦ(
1275 2929 1433 3053 ρήματος.
1461 2939 1495 3002 Μ

403 3043 452 3116 94,
476 3043 513 3102 15
537 3033 636 3102 ἔνδον
667 3033 767 3114 ἐστὶν]
794 3027 989 3119 παράδοξον
1019 3039 1080 3121 μὲν
1109 3041 1165 3104 καὶ
1187 3029 1316 3118 καινόν,
1348 3029 1421 3104 ἄλλ’
1445 3025 1507 3104 οῦν
1529 3039 1632 3115 βαθυ-

321 3130 427 3221 τάτης
450 3127 611 3218 ἐχόμενον
634 3139 763 3216 σοφίας.
785 3135 819 3199 Μ

404 3243 452 3314 94,
478 3240 514 3301 18
538 3229 743 3318 δημιουργὸν
765 3227 908 3318 ἀγαθόν]
934 3231 974 3303 τὸ
997 3226 1055 3302 ἀπ’
1077 3235 1204 3314 αἰῶνος
1226 3226 1428 3320 άπῦκρυφον
1447 3227 1630 3320 μυστήριον

323 3338 387 3403 τοῦ
409 3336 494 3401 θεοῦ
516 3335 571 3399 καί
591 3325 682 3418 πάση
704 3337 809 3400 κτίσει
831 3329 1011 3418 ἄγνωστον
1034 3337 1138 3402 τοῦτο
1161 3325 1211 3420 ήν.
1233 3337 1268 3400 Μ

271 3450 305 3504 30
406 3433 477 3500 ἐπεὶ
499 3427 562 3516 γάρ
590 3436 633 3516 τῇ
656 3425 888 3518 άκαταλήπτῳ
911 3426 1017 3501 αὑτοῦ
1039 3439 1142 3522 σοφίᾳ
1164 3430 1306 3518 προῄδει
1330 3429 1394 3518 τήν
1416 3435 1470 3501 ἐπὶ
1494 3429 1632 3516 φθορὰν

324 3535 424 3600 τοῦδε
445 3535 508 3599 τοῦ
529 3525 658 3616 κόσμου
678 3526 867 3614 άπὸκλισιν,
890 3537 945 3600 καὶ
962 3526 1009 3610 οῦς
1025 3527 1216 3618 άναγκαίως
1231 3536 1337 3601 δεῖται
1353 3529 1631 3619 ἐπανορθώσεως.

324 3623 379 3700 ὅτι.
401 3634 483 3716 μηδὲ
504 3625 614 3747 μάτην
637 3627 678 3699 τὸ
695 3635 863 3699 τοσοῦτον
878 3630 976 3755 ἔργον
992 3626 1187 3756 ὑπέστησεν,
1211 3627 1273 3700 οῦκ
1287 3625 1330 3699 66
1346 3634 1381 3698 δὲ
1397 3627 1513 3711 άλλως
1529 3634 1632 3699 τοῦτο

324 3724 470 3846 ὑπάρξαι
492 3733 520 3797 εί
541 3727 585 3816 μὴ
608 3728 663 3798 διὰ
685 3730 972 3816 μεταχειρίσεως
962 3728 1037 3811 ινὸς
1059 3736 1134 3800 τῶν
1156 3731 1279 3800 εαυτοῦ
1300 3724 1507 3816 κτισμάτων,
1540 3719 1632 3818 ᾧπερ

325 3823 380 3898 οίά
403 3856 470 3897 τινι
491 3823 699 3948 χρησάμενος
721 3822 856 3917 ὀργάνῳ
880 3827 921 3899 τὸ
946 3827 1183 3910 διαπεπτωκὸς
1214 3829 1460 3914 ἐπανορθώσει,
1490 3835 1632 3916 προὺπε-

273 3950 307 4004 35
325 3924 473 4052 στήσητη
497 3926 559 3997 τὸν
581 3925 772 4013 ἄνθρωπον
795 3927 892 4013 ἄξιον
891 3934 975 4049 τῆς
999 3931 1122 4000 εαυτοῦ
1144 3925 1404 4010 άναπλάσεως”
1388 3955 1496 4016 εργον,
1529 3923 1570 3998 δι’
1594 3919 1630 3998 οῦ

325 4033 386 4116 τῆς
408 4021 492 4115 ὑπὲρ
515 4023 620 4113 λόγον
642 4032 835 4113 οἰκονομίας
858 4023 964 4098 αὑτοῦ
987 4027 1027 4098 τὸ
1050 4026 1203 4116 βούλημα
1225 4032 1433 4116 ἐξετελέσθη.
1455 4033 1489 4096 Μ

413 4179 476 4236 151
492 4178 561 4233 Phil.
580 4182 605 4242 2,
624 4181 639 4232 7
659 4211 690 4218 -
709 4179 749 4235 20
769 4181 842 4236 Psal.
862 4184 901 4242 72,
921 4186 935 4236 1

412 4315 454 4370 11
467 4317 614 4386 βελτίοσιν
627 4315 669 4368 Μ2
679 4317 821 4388 βελτίοσιν
833 4317 878 4370 Μ*
894 4317 897 4384 ί
913 4315 932 4372 4
951 4313 1116 4388 δκφράσεων
1136 4317 1180 4372 Wi
1199 4316 1363 4390 ἐκβράσεων
1380 4319 1409 4372 Μ
1425 4319 1429 4386 Ι
1447 4319 1485 4376 16
1502 4316 1591 4385 λύμης
1603 4317 1632 4370 Di

326 4401 425 4468 λοίμης
442 4400 471 4453 Μ
487 4401 491 4467 Ι
508 4401 543 4455 12
559 4398 794 4470 κροσεπινεγκὼν
806 4403 834 4456 Μ
851 4403 855 4469 ί
872 4403 909 4456 21
928 4403 1087 4472 θαυμασία]
1100 4409 1132 4466 -ί-
1145 4407 1194 4471 τῆς
1212 4397 1362 4474 ἑρμηνείας
1374 4403 1416 4455 Μ’
1431 4413 1436 4470 1
1451 4401 1491 4458 28
1509 4397 1550 4466 ὑις
1563 4401 1633 4472 περί]

328 4481 641 4638 ῧίτὲἒνέρὲγιηίίφαλον,
660 4487 724 4556 περί
744 4486 785 4538 M³
808 4491 813 4555 Ι
837 4487 877 4542 30
895 4487 1019 4558 προείδει
1037 4486 1081 4540 Μ*
1098 4489 1224 4558 προεῖδει
1241 4487 1283 4540 Μ2
1301 4489 1416 4557 προεῖδε
1434 4485 1469 4540 Di
1493 4488 1497 4554 Ι
1522 4483 1632 4554 φθορὰν
