3586 5466
284 407 302 468 8
869 396 1002 451 Clemens.

280 558 457 651 χορηγῆοη.
500 553 519 630 ὃ
542 566 578 631 δέ
600 556 641 631 οδ
663 565 725 631 νῦν
747 587 783 648 γε
804 567 948 648 πρῶτον
971 555 1133 647 ᾤκτειρεν
1155 553 1240 648 ῆμᾶς
1261 564 1322 648 τῆς
1344 553 1487 648 πλάνης,
1518 555 1626 632 ἀλλ’4

281 659 421 732 ἄνωθεν
449 655 607 749 ἀρχῆθεν,
640 665 701 730 νῦν
732 664 767 729 δέ
789 655 851 747 ῆδη
882 656 1140 746 ἀπολλυμένους
1161 663 1337 745 ἐπιφανείς
1357 665 1592 746 περισέσωκεν.

282 759 322 831 τὸ
346 759 408 846 γάρ
430 758 585 849 πονηρὸν
606 765 662 830 καί
684 758 889 848 ἑρπηστικὸν
911 766 1037 849 θηρίον
1055 764 1221 847 γοητεῦον
1244 763 1516 830 καταδουλοῦται
1534 767 1591 832 καί

280 865 442 945 αἰκίζεται
464 863 564 929 εἰσέτι
586 865 648 929 νῦν
671 858 751 942 τοὺς
773 854 991 946 ἀνθρώπους,
1014 863 1086 946 ἐμοὶ
1108 863 1230 942 δοκεῖν,
1260 859 1469 947 βαρβαρικῶς
1491 887 1592 948 τιμω-

247 957 456 1048 5ρούμενον,
488 963 522 1028 οἳ
551 977 681 1045 νεκροῖς
712 957 792 1040 τούς
823 957 1057 1047 αἰχμαλώτους
1090 963 1223 1028 συνδεῖν
1253 963 1410 1045 λέγονται
1432 958 1592 1048 σώμασιν,

280 1054 348 1128 ἐστ’
371 1055 413 1129 ἂν
437 1053 551 1139 αύτοῖς
571 1065 626 1128 καί
649 1063 872 1128 συσοαπῶσιν.
901 1052 921 1128 δ
943 1063 1026 1147 γοῦν
1047 1057 1198 1148 πονηρὸς
1217 1055 1333 1129 ούτοσί
1349 1057 1515 1146 τύραννος
1537 1064 1593 1128 καὶ
1611 1061 1628 1114 5

282 1155 426 1246 δράκων,
457 1153 515 1240 ούς
537 1154 580 1228 ἂν
601 1153 674 1237 οίδς
696 1183 733 1226 τε
755 1151 776 1245 ᾖ
799 1159 836 1228 ἐκ
857 1161 996 1246 γενετῆς
1017 1165 1291 1245 σφετερίσασθαι,
1322 1164 1436 1240 λίθοις
1460 1165 1516 1228 καὶ
1539 1155 1592 1244 ξύ-

282 1269 356 1340 λοις
369 1264 425 1328 καί
440 1253 627 1346 ἀγάλμασιν
643 1262 700 1327 καί
714 1253 886 1338 τοιούτοις
901 1263 990 1326 τισὶν
1005 1257 1158 1339 εἰδώλοις
1172 1265 1404 1345 προσοφίγξας
1424 1263 1475 1345 τῷ
1498 1261 1594 1327 δεισι-

283 1361 457 1446 δαιμονίας
487 1353 600 1446 ἀθλίῳ
630 1361 750 1446 δεσμῷ,
780 1361 885 1427 τοῦτο
916 1356 958 1444 δὴ
980 1351 1236 1445 τὸλεγόμενον,
1268 1364 1401 1442 ζῶντας
1423 1361 1595 1444 ἐπιφέρων

232 1475 265 1529 10
283 1462 476 1542 συνέθαφεν
508 1452 645 1540 αύτούς,
677 1451 743 1526 ἐστ>
765 1453 808 1526 ἂν
829 1461 885 1525 καί
907 1461 1162 1545 συμφθαρῶσιν.
1206 1448 1246 1528 οὗ
1269 1455 1310 1546 δὴ
1331 1451 1430 1544 χάριν
1452 1455 1510 1542 (είς
1532 1454 1631 1541 γάρθ

283 1551 303 1625 ὁ
326 1551 487 1627 ἀπατεών
509 1553 651 1626 ἀνωθεν
670 1560 731 1644 μὲν
753 1553 818 1644 τῆν
840 1547 941 1638 Εὔαν,
973 1561 1036 1626 νῦν
1058 1559 1094 1625 δὲ
1115 1551 1178 1645 ἤδη
1210 1561 1265 1626 καί
1288 1555 1369 1636 τοὺς
1391 1553 1516 1636 ἄλλους
1539 1550 1595 1624 ἀν-

282 1655 449 1743 θρώπους
479 1660 526 1737 είς
558 1652 713 1728 θάνατον
740 1650 939 1744 ἀποφέρων)
961 1653 1009 1736 είς
1038 1664 1095 1726 καί
1117 1652 1221 1737 αὐτὸς
1243 1659 1422 1742 ἐπίκουρος
1442 1661 1498 1724 καὶ
1520 1663 1597 1738 βοη-

283 1752 348 1836 θὸς
369 1751 448 1844 ἡμῖν
470 1749 489 1826 ὁ
511 1753 634 1844 κύριος,
655 1753 865 1845 προμηνύων
888 1751 1037 1843 ἀρχῆθεν
1059 1761 1293 1843 προφητικῶς,
1315 1759 1377 1826 νῦν
1399 1759 1435 1824 δὲ
1455 1749 1519 1842 ἢδη
1541 1761 1597 1824 καὶ

186 1872 210 1917 ι’
285 1859 433 1942 ἐναργῶς
464 1859 511 1937 είς
541 1861 713 1943 σωτηρίαν
742 1861 983 1942 παρακαλῶν]
1011 1852 1172 1942 φύγωμεν
1200 1845 1261 1926 οὖν
1288 1848 1500 1941 άποστολικῆ
1529 1881 1597 1922 πει·
1614 1860 1669 1922 8,1

234 1972 266 2023 15
285 1949 427 2042 θόμενοι
442 1962 650 2045 παραγγελία
675 1953 756 2025 »τὸν
779 1953 927 2042 ἄρχοντα
946 1959 1008 2042 τῆς
1029 1957 1182 2039 ἐξουσίας
1203 1960 1267 2026 τοῦ
1289 1950 1397 2041 ἀέρος,
1420 1958 1483 2023 τοῦ
1497 1950 1597 2023 πνεύ-

283 2081 389 2136 ματος
421 2059 483 2124 τοῦ
515 2061 577 2124 νῦν
608 2058 827 2142 ἐνεργοῦντος
858 2059 894 2126 ἐν
922 2072 996 2136 τοῖς
1017 2056 1102 2135 υίοῖς
1132 2059 1193 2142 τῆς
1224 2049 1425 2134 ἀπειθείας(
1459 2059 1514 2122 καί
1546 2058 1597 2141 τῷ

286 2159 415 2242 σωτῆρι
437 2159 487 2242 τῷ
511 2159 616 2240 κυρίῳ
639 2149 920 2243 προσδράμωμεν,
943 2145 980 2234 ὃς
1001 2161 1057 2223 καί
1081 2157 1144 2221 νῦν
1165 2157 1219 2222 καί
1243 2147 1292 2222 ἀεὶ
1314 2145 1528 2240 προύτρεπεν
1551 2154 1598 2233 είς

285 2258 467 2339 σωτηρίαν,
490 2251 543 2322 διὰ
565 2249 723 2341 τεράτων
743 2259 799 2322 καί
821 2261 968 2342 σημείων
989 2255 1026 2322 ἐν
1049 2248 1228 2341 Αἰγύπτῳ,
1256 2255 1294 2321 ἐν
1316 2247 1428 2339 ἐρῆμῳ
1452 2255 1519 2338 (δὲ)
1542 2249 1595 2322 διά

286 2379 323 2420 τε
345 2357 406 2439 τῆς
428 2351 534 2433 βάτου
552 2359 607 2421 καί
623 2357 684 2440 τῆς
699 2347 955 2440 ἀκολουθούσης
969 2351 1081 2440 χάριτι
1097 2357 1371 2440 φιζλανθρωπίας
1386 2357 1595 2438 θεραπαίνης
1612 2354 1630 2408 8
1649 2355 1673 2409 Ρ

235 2466 268 2520 20
286 2455 383 2538 δίκην
394 2444 557 2536 Ἑβραίοις
572 2456 721 2540 νεφέλης.
744 2449 882 2522 τούτων
897 2457 958 2540 μέν
973 2450 1014 2538 δὴ
1030 2457 1080 2538 τῷ
1097 2447 1195 2540 φόβῳ
1211 2449 1293 2531 τούς
1308 2455 1595 2537 σκληροκαρδίους
1614 2443 1632 2496 2

286 2542 511 2638 προύτρεπεν·
533 2545 597 2638 ἤδη
620 2556 655 2620 δὲ
677 2555 732 2621 καί
755 2548 810 2622 διά
831 2555 982 2634 Μωσέως
1005 2557 1068 2623 τοῦ
1088 2547 1272 2636 πανσόφου
1292 2555 1346 2619 καὶ
1370 2553 1433 2619 τοῦ
1455 2546 1597 2636 φιλαλῆ·

286 2658 371 2732 θους
391 2644 505 2720 Ἡραία
527 2656 582 2720 καὶ
606 2647 738 2732 παντὸς
760 2655 823 2718 τοῦ
844 2656 1062 2738 προφητικοῦ
1084 2655 1189 2744 χοροῦ
1211 2647 1445 2737 λογικώτερον
1465 2651 1520 2718 ἐπί
1536 2647 1599 2718 τὸν

287 2746 392 2837 λόγον
413 2753 609 2837 ἐπιστρέφει
631 2748 712 2832 τούς
734 2747 798 2836 [τά]
822 2739 896 2818 ώτα
918 2755 1154 2839 κεκτημένους·
1185 2756 1240 2820 καὶ
1264 2743 1335 2819 ἐσθ’
1358 2740 1427 2832 άπη
1447 2751 1509 2834 μὲν
1531 2757 1598 2817 λοι-

288 2855 445 2934 δορεῖται,
468 2849 561 2918 ἐστιν
583 2843 610 2918 δ
634 2839 675 2919 οὖ
696 2855 749 2917 καί
773 2844 914 2920 ἀπειλεῖ
937 2848 1018 2932 τούς
1040 2854 1076 2919 δέ
1090 2855 1145 2920 καὶ
1161 2859 1286 2938 θρηνεῖ
1297 2855 1370 2918 τῶν
1386 2842 1599 2934 ἀνθρώπων·

236 2961 268 3014 25
287 2942 358 3039 ᾄδει
380 2953 415 3020 δέ
438 2947 564 3032 ἀλλοις,
587 2948 742 3034 καθάπερ
763 2947 881 3035 ίατρὸς
904 2945 1032 3038 ἀγαθὸς
1053 2957 1128 3020 τῶν
1148 2947 1350 3022 νοσούντων
1363 2947 1535 3036 σωμάτων
1555 2947 1599 3019 τά

285 3052 346 3133 μέν
370 3044 632 3130 καταπλάττων,
662 3045 705 3118 τὰ
728 3051 763 3118 δέ
784 3055 1035 3132 καταλεαίνων,
1059 3047 1102 3119 τά
1125 3053 1159 3118 δέ
1182 3053 1398 3129 καταντλῶν,
1420 3045 1464 3117 τά
1486 3051 1522 3118 δὲ
1544 3053 1599 3116 καί

287 3143 413 3236 σιδήρῳ
437 3153 589 3234 διαιρῶν,
612 3151 777 3218 ἐπικαίων
800 3153 835 3217 δὲ
857 3145 955 3229 ἀλλα,
979 3149 1049 3218 ἐστι
1071 3144 1100 3218 δ
1124 3139 1165 3219 οὗ
1187 3153 1243 3218 καί
1259 3141 1451 3232 ἀποπρίων,
1474 3151 1504 3215 εί
1523 3175 1600 3227 πως

286 3242 361 3317 οίάν
383 3275 421 3316 τε
443 3243 508 3316 κάν
530 3246 621 3335 παρά
643 3253 743 3334 μέρος
764 3242 786 3334 ἢ
800 3253 900 3335 μέλος
922 3245 985 3319 τὸν
1007 3247 1199 3336 ἄνθρωπον
1213 3244 1356 3335 ύγιάναι.
1391 3241 1600 3332 πολύφωνός
1618 3251 1636 3304 3

288 3374 323 3434 γε
346 3339 364 3415 δ
388 3345 503 3434 σωτὴρ
525 3352 580 3416 καὶ
602 3345 822 3433 πολύτροπος
845 3351 891 3427 είς
912 3343 1114 3434 ἀνθρώπων
1136 3354 1320 3436 σωτηρίαν·
1353 3342 1505 3418 ἀπειλῶν
1526 3373 1602 3416 νου

237 3459 270 3510 30
288 3453 391 3528 θετεῖ,
424 3443 683 3534 λοιδορούμενος
704 3449 907 3532 ἐπιστρέφει,
938 3453 1084 3534 θρηνῶν
1105 3450 1204 3529 ἐλεεῖ,
1235 3444 1381 3533 ψάλλων
1403 3454 1601 3535 παρακαλεῖ,

288 3541 342 3614 διά
364 3542 471 3628 βάτου
492 3551 587 3614 λαλεῖ
607 3549 766 3634 (σημείων
788 3549 909 3615 ἐκεῖνοι
928 3551 985 3614 καὶ
1009 3545 1165 3632 τεράτων
1186 3547 1337 3633 ἔχρῃζον)
1368 3551 1423 3614 καί
1445 3551 1496 3634 τῷ
1522 3553 1603 3631 πυρί

289 3648 475 3714 δεδίττεται
486 3643 565 3726 τούς
576 3639 793 3732 ἀνθρώπους,
810 3640 977 3715 ἀνάπτων
993 3648 1030 3714 ἐκ
1044 3652 1160 3726 κίονος
1177 3644 1242 3733 τῆν
1257 3641 1376 3732 φλόγα,
1393 3649 1507 3734 δεῖγμα
1517 3637 1604 3732 δμοῦ

375 3871 448 3927 4-0
469 3870 522 3940 vgl.
536 3871 697 3927 An'stobeles
712 3873 753 3926 Fr.
767 3874 800 3928 60
812 3873 897 3926 Ῑίοεε3
914 3903 946 3911 -
967 3874 1002 3928 ll
1022 3874 1078 3942 vgl.
1092 3874 1158 3928 Gen.
1172 3875 1195 3939 3,
1209 3871 1296 3927 lff-
1314 3871 1376 3927 151
1391 3867 1489 3942 Ephes.
1503 3873 1526 3936 2,
1539 3873 1555 3926 2
1568 3901 1602 3910 -

291 3955 404 4013 18—20
422 3955 477 4024 vgl.
498 3954 584 4011 Exod.
604 3959 627 4021 7,
645 3958 673 4018 3;
692 3958 716 4020 3,
734 3961 764 4020 23
783 3958 823 4021 13,
841 3957 887 4020 21;
905 3959 966 4011 Αοί.
986 3961 1008 4023 7,
1027 3959 1060 4013 36

375 4157 392 4210 2
413 4150 560 4224 [ἀρχῆθεν]
579 4154 700 4225 Βεωαγε
720 4157 723 4224 ί
749 4157 767 4212 θ
785 4151 955 4227 ἐρπηστικδν
973 4157 1052 4210 P³M²
1069 4153 1231 4227 ἐρπιστικδν
1249 4157 1334 4210 Ρ*Μ*
1352 4151 1522 4224 ἐρπυστικόν
1539 4153 1575 4223 Sy
1595 4155 1599 4223 Ι

290 4241 308 4296 5
327 4247 439 4310 νεκροῖς
456 4239 564 4294 PcorrM
576 4238 694 4313 νεκροὺς
709 4240 747 4292 Ρ*
763 4245 767 4310 Ι
785 4243 799 4296 ί
821 4262 838 4310 η
851 4242 898 4295 Ma
913 4235 955 4310 είη
969 4241 990 4292 Ρ
1007 4243 1011 4310 Ι
1026 4241 1045 4296 9
1064 4237 1216 4312 ἐπιφέρων]
1236 4236 1365 4310 ἐκφέρων
1378 4239 1486 4293 Μίίατεί
1498 4233 1602 4308 δποφὲ·

291 4343 349 4394 ρων
368 4325 515 4379 Markland
539 4327 543 4393 Ι
570 4327 608 4381 12
636 4322 721 4391 αὐτὸς
748 4321 775 4392 (δ
794 4325 875 4380 stand
901 4325 969 4378 iiber
994 4324 1021 4380 d.
1039 4325 1074 4392 Ζ.,
1097 4326 1170 4394 χἐίτέ
1195 4325 1313 4391 ουετειδ.)
1340 4322 1425 4394 Ρ<δ>
1454 4321 1540 4388 αὐτὸς
1565 4323 1602 4391 Sy

292 4405 376 4473 αὐτὸς
394 4405 438 4476 (d)
460 4410 527 4478 Ma!
545 4411 581 4466 18
601 4408 657 4478 <δέ>
680 4410 711 4464 Sh
729 4409 792 4466 Obs,
819 4410 879 4464 crit.
898 4427 923 4480 p.
942 4411 975 4465 25
994 4411 1069 4478 (nal)
1088 4407 1118 4466 έν
1136 4405 1231 4482 ἐρήμῳ
1250 4411 1289 4463 Ρο
1306 4415 1309 4475 ί
1326 4411 1366 4480 20
1391 4406 1501 4464 τούτων
1522 4407 1604 4462 Schw

291 4491 382 4567 τούτῳ
405 4493 426 4546 Ρ
449 4501 533 4548 τοῦτο
551 4495 660 4547 Miinzel
682 4493 746 4550 τότε
764 4494 913 4548 Markland
937 4497 941 4561 Ι
966 4495 1005 4550 λθ
1034 4493 1087 4563 [τά]
1111 4486 1171 4550 ὧτα
1193 4513 1268 4550 κεκτ.
1292 4494 1358 4550 oder
1378 4492 1414 4548 τὰ
1437 4485 1498 4548 ὧτα
1520 4509 1603 4547 κεκα·

290 4576 454 4650 θαρμένους
472 4577 519 4632 Ma
534 4580 537 4645 ί
554 4579 591 4633 81
612 4579 704 4648 λαλεῖ]
724 4586 756 4643 -}·
775 4573 818 4634 δτι
836 4579 900 4632 P²M
