3520 5498
324 418 363 478 94
912 410 1045 466 Clemens.

323 572 455 662 σπουδὴ
484 583 715 661 καταγίνεται·
746 581 802 644 καὶ
832 581 959 646 τοῦτον
990 575 1090 662 ἔργον
1121 569 1287 664 ἡγουμένη
1318 579 1491 663 μέγιστον,
1522 575 1659 664 φυχὴνσ

322 679 383 761 μὲν
406 669 512 746 αύτοῦ
535 671 697 762 φρονήσει
717 681 773 744 καὶ
796 671 1001 762 σωφροσύνῃ
1022 673 1251 762 κατηύθυνεν,
1275 672 1315 744 τὸ
1338 679 1374 744 δὲ
1395 681 1492 762 σῶμα
1514 672 1627 746 κάλλει

322 779 378 842 καὶ
401 768 563 865 εύρυθμίᾳ
585 769 845 862 συνεκεράσατο,
873 780 949 861 περὶ
970 779 1006 844 δὲ
1028 771 1089 856 τάς
1112 770 1250 862 πράξεις
1272 779 1333 862 τῆς
1356 771 1629 863 άνθρωπύτητος

323 871 363 944 τό
394 901 432 944 τε
459 877 496 944 ἐν
522 868 639 955 αύταῖς
661 879 860 960 κατορθοῦν
881 880 937 944 καὶ
960 869 1002 943 τά
1024 865 1191 944 εὔτακτον
1213 877 1411 946 ἐνέπνευσεν
1434 871 1476 944 τὸ
1498 871 1610 962 αὐτῆς.

288 1155 304 1208 5
623 1142 678 1209 ΙΙΙ.
699 1132 771 1209 Ὅτι
794 1135 1044 1228 φιλάνθρωπος
1067 1133 1085 1209 6
1108 1135 1329 1227 παιδαγωγός.

405 1283 524 1358 Πάντα
555 1282 707 1378 ὀνίνησιν
734 1284 753 1359 6
779 1288 894 1378 κύριος
926 1296 980 1359 καὶ
1007 1284 1121 1360 πάντα
1148 1285 1277 1376 ιύφελεῖ
1295 1295 1351 1359 καὶ
1374 1284 1422 1371 τάς
1445 1287 1628 1378 ἄνθρωπος
1646 1311 1685 1374 ῖ,1

323 1395 378 1457 καὶ
410 1383 457 1470 τάς
489 1383 583 1470 θεάς,
621 1387 662 1460 τά
692 1395 754 1478 μὲν
784 1386 1009 1480 ἁμαρτήματα
1040 1383 1089 1470 ιῦς
1118 1387 1200 1470 θεὸς
1229 1385 1351 1474 άφιείς,
1382 1390 1427 1470 είς
1458 1394 1494 1460 δὲ
1523 1388 1628 1478 τὸμὴ

322 1484 564 1608 ἐξαμαρτάνειν
599 1495 921 1578 παραπαιδαγωγῶν
948 1485 996 1571 οἷς
1024 1487 1219 1576 ἄνθρωπος.
1263 1483 1405 1569 εἰκότως
1435 1487 1500 1577 ἄρα
1531 1497 1628 1576 φίλος

324 1581 556 1674 ὁάνθριυπος
587 1594 637 1676 τῷ
669 1595 757 1677 θεῷ,
790 1593 861 1660 ἐπεὶ
891 1595 947 1659 καὶ
979 1585 1117 1677 πλάσμα
1148 1584 1254 1658 αῦτοῦ
1281 1591 1381 1658 ἐστιν.
1429 1595 1485 1657 καὶ
1506 1588 1552 1660 τὰ
1572 1617 1630 1676 μεν

273 1685 412 1757 1οάλλα
442 1685 592 1757 κελεύων
621 1685 730 1777 μόνον
752 1697 954 1778 πεποίηκεν,
986 1685 1050 1758 τὸν
1076 1693 1111 1759 δε
1139 1685 1331 1774 άνθριοπον
1357 1681 1406 1756 δι’.
1426 1683 1533 1758 αύτου
1517 1690 1630 1776 ἔχει·

323 1784 506 1875 ρούργησεν
526 1794 582 1856 καί
604 1817 638 1858 τι
660 1783 754 1877 αύτῷ
778 1793 865 1860 ίδιον
887 1785 1099 1909 ἐνεφύσησεν.
1135 1784 1176 1856 τὸ
1199 1777 1261 1857 οῦν
1282 1781 1340 1857 ὑπ’
1356 1781 1530 1857 αὐτοῦκαὶ
1545 1785 1658 1876 πρὸς.
1645 1800 1659 1850 2‘

323 1882 430 1956 αύτόν
462 1880 742 2007 άπεικονισμένον
772 1883 794 1975 η’
825 1919 873 2006 ιρς
903 1883 948 1958 δι’
981 1884 1065 1959 αύτό
1092 1881 1229 1976 αἱρετὸν
1256 1892 1307 1976 τῷ
1329 1891 1402 1974 θεῷ
1436 1881 1498 1955 ὑπ’
1525 1883 1630 1957 αὐτοῦ

323 1983 601 2074 δεδημιούργηται
628 1993 691 2058 τοῦ
724 1993 810 2060 θεοῦ
836 1983 857 2075 ἠ
879 2017 927 2070 σος
950 1989 1063 2058 ἕνεκεν
1089 1985 1198 2058 ἄλλον
1219 1983 1354 2074 αἱρετὸν
1377 1991 1628 2058 διαπέπλασται.

324 2091 352 2156 εί
376 2091 379 2172 Ι
402 2090 463 2175 μὲν
501 2075 563 2156 οὖν
600 2081 645 2158 δι’
682 2083 766 2158 αύτό
803 2087 938 2176 αἱρετὸν
969 2081 988 2157 6
1018 2085 1218 2174 ἄνθρωπος,
1254 2081 1385 2172 άγαθύς
1415 2077 1467 2154 άιν
1498 2080 1733 2172 67666221021'3

273 2199 305 2252 15
323 2181 504 2275 ἠγάπησεν,
527 2191 583 2255 καί
609 2183 649 2255 τὸ
672 2195 820 2274 φίλτρον
843 2189 943 2258 ἔνδον
965 2191 1057 2258 ἐστὶν
1078 2191 1116 2257 ἐν
1138 2191 1189 2274 τῷ
1213 2180 1401 2274 άνθραίπῳ,
1421 2181 1523 2256 τοῦθ’
1546 2179 1627 2271 ὅπερ

324 2284 498 2374 ἐμφύσημα
520 2282 650 2373 εἴρηται
672 2292 770 2358 θεοῦ·
794 2290 821 2355 εί
842 2291 878 2356 δὲ
900 2287 1013 2357 ἕνεκεν
1035 2293 1108 2356 τῶν
1124 2283 1243 2356 ἄλλων
1258 2278 1277 2355 6
1294 2283 1482 2372 ἄνθρωπος
1498 2284 1629 2372 αἱρετὸν

323 2391 470 2474 γέγονεν,
499 2381 561 2455 ούκ
583 2383 694 2474 άλλην
716 2387 864 2457 αίτίαν”
849 2410 943 2472 εσχεν
966 2391 1029 2457 τοῦ
1050 2404 1162 2456 ποιεῖν
1182 2381 1290 2456 αύτὸν
1312 2378 1331 2454 6
1354 2381 1434 2465 θεὸς
1456 2379 1478 2473 6
1499 2383 1548 2466 οῦς
1570 2381 1628 2456 ούκ

324 2483 405 2554 ἄνευ
429 2480 535 2554 αὐτοῦ
558 2487 632 2554 σίου
654 2514 690 2555 τε
714 2478 816 2569 ὄντος
838 2484 901 2556 τὸν
922 2490 983 2574 μὲν
1005 2491 1160 2573 γενέσθαι
1182 2481 1386 2574 δημιουργὸν
1404 2479 1545 2571 άγαθόν,
1568 2483 1627 2554 τὸν

267 2611 269 2616 ·
323 2590 359 2655 δὲ
391 2586 436 2666 είς
465 2591 592 2672 γνῶσιν
622 2579 806 2670 άφικέσθαι
831 2589 918 2655 θεοῦ
944 2579 998 2672 (ού
1019 2584 1080 2704 γάρ
1103 2583 1257 2666 άλλως
1246 2580 1289 2656 άν
1311 2580 1352 2653 τὸ
1375 2574 1415 2653 οῦ
1440 2583 1593 2654 ίνεκεν”
1573 2611 1627 2654 αν-

271 2693 305 2748 20
324 2694 468 2770 θρωπος
490 2689 627 2770 γέγονεν
650 2679 849 2773 ἐποίησεν
830 2715 849 2755 ο
872 2679 967 2766 θεός,
992 2686 1080 2753 εί
1036 2713 1085 2805 μη
1108 2681 1296 2772 ἄνθρωπος
1315 2679 1488 2772 ἐγεγόνει)
1510 2689 1564 2752 καὶ
1588 2681 1628 2772 ἢν

323 2782 410 2870 εἶχεν
432 2786 768 2872 ἐναποκεκρυμμένην
789 2781 954 2872 ίσχύν,
918 2813 962 2864 τοΙ
982 2779 1221 2866 βούλεσθαι,
1202 2813 1221 2854 ο
1243 2781 1325 2866 θεὸς
1346 2783 1400 2856 διά
1423 2789 1484 2872 τῆς
1500 2787 1627 2867 ἔξωθεν
1742 2861 1743 2864 ¹

324 2889 386 2952 τοῦ
407 2888 629 2969 πεποιηκέναι
644 2880 977 2972 προσανεπλήρωσεν
992 2879 1177 2971 δυνάμεως,
1201 2884 1316 2968 λαβὼν
1335 2881 1426 2971 παρὰ
1442 2881 1628 2970 ἀνθρώπου
1742 2873 1743 2896 ’

322 2975 341 3051 6
364 2988 549 3070 πεποίηκεν
580 2981 772 3072 ἄνθρωπον
802 2991 856 3054 καί
884 2975 902 3052 6
930 2984 1017 3070 εῖχεν
1043 2984 1130 3053 είδεν
1159 2991 1215 3052 καί
1242 2990 1378 3072 γέγονεν
1405 2976 1424 3053 6
1454 2978 1630 3071 ἠθέλησεν·

323 3077 421 3152 οῦδὲν
444 3087 479 3150 δὲ
502 3073 520 3150 6
542 3080 586 3170 μὴ
609 3080 750 3153 δύναται
772 3079 860 3166 θεός.
890 3078 909 3154 6
933 3081 1120 3170 ἄνθρωπος
1147 3079 1212 3170 ἄρα
1234 3077 1276 3154 ὃν
1295 3090 1485 3172 πεποίηκεν
1507 3077 1627 3164 ὁθεύς,
1641 3095 1681 3156 01

270 3191 303 3244 25
322 3176 368 3250 δι’
392 3177 498 3252 αύτὸν
521 3178 657 3270 αἱρετόν
679 3185 786 3266 ἐστιν,
814 3182 856 3254 τὸ
879 3189 914 3253 δὲ
937 3177 983 3252 δι’
1007 3179 1113 3252 αύτόν
1133 3181 1271 3270 αἱρετὸν
1292 3178 1418 3254 οἰκεῖόν
1440 3187 1535 3253 ἐστιν
1557 3175 1625 3268 ύτῳ

322 3307 385 3368 περ
409 3276 451 3351 άν
473 3272 493 3367 6
517 3275 564 3350 δι’
587 3277 695 3351 αύτόν
715 3281 865 3372 αἱρετόν,
892 3280 1008 3371 τούτῳ
1032 3288 1067 3353 δὲ
1092 3287 1148 3352 καὶ
1174 3279 1375 3372 ἀσμενιστὸν
1397 3289 1452 3352 καὶ
1474 3279 1627 3372 φιλητόν.

323 3374 411 3451 άλλά
432 3387 488 3454 καί
512 3378 660 3470 φιλητὸν
681 3387 742 3470 μέν
765 3390 799 3453 τί
821 3385 892 3452 ἐστί
913 3410 997 3465 τινι,
1025 3377 1098 3471 ούχὶ
1119 3387 1154 3452 δὲ
1176 3389 1232 3453 καὶ
1255 3393 1404 3469 φιλεῖται
1425 3377 1488 3452 ὑπ’
1511 3378 1628 3464 αὐτοῦ·
1742 3393 1743 3404 ’

286 3567 288 3570 ¹
323 3480 470 3568 φιλητὸς
496 3485 531 3551 δὲ
558 3475 577 3550 6
600 3479 789 3568 ἄνθρωπος
815 3477 1064 3564 ἀποδέδεικται,
1096 3493 1245 3568 φιλεῖται
1267 3479 1331 3569 ἄρα
1353 3480 1439 3569 πρὸς
1461 3488 1525 3552 τοῦ
1547 3487 1627 3552 θεοῦ
1742 3501 1743 3510 ’

323 3574 341 3650 6
362 3579 558 3668 ἄνθρωπος.
601 3586 676 3661 πῶς
698 3579 761 3670 γάρ
784 3577 825 3652 06
847 3593 1004 3669 φιλεῖται,
1024 3587 1028 3666 Ι
1048 3575 1094 3650 δι’
1115 3575 1158 3651 ὃν
1180 3576 1199 3651 6
1221 3579 1408 3670 μονογενὴς
1429 3587 1466 3652 ἐκ
1487 3579 1627 3653 κόλπων
1644 3595 1720 3651 3ῖ81

271 3698 304 3752 30
322 3677 452 3766 πατρὸς
484 3686 739 3768 καταπίμπεται
771 3679 873 3769 λόγος
900 3686 961 3769 τῆς
987 3689 1151 3766 πίστεως;
1182 3676 1223 3770 [6]
1246 3688 1359 3762 πίστις
1381 3684 1418 3751 ἐκ
1439 3687 1628 3768 περιουσίας

323 3775 426 3862 αύτὸς
457 3786 575 3866 σαφῶς
607 3775 762 3870 ύκύριος
794 3775 977 3870 ὁμολογῶν
1007 3787 1063 3850 καὶ
1093 3785 1205 3870 λέγων
1239 3776 1360 3860 »αὐτὸς
1385 3778 1448 3869 γάρ
1476 3775 1641 3868 ύπατὴρ·

409 4035 458 4090 11.
478 4035 515 4089 16
534 4034 589 4103 vgl.
609 4034 677 4088 Gen.
695 4035 719 4100 2,
739 4037 754 4089 7
780 4065 814 4075 —
833 4035 946 4091 24-29
964 4034 1098 4104 Chrysipp
1116 4034 1161 4089 Fr.
1179 4035 1235 4105 log.
1254 4037 1320 4091 1123
1332 4034 1428 4090 Arnim
1447 4064 1480 4073 -
1499 4032 1628 4102 291ng

322 4119 383 4173 Joh.
404 4123 426 4187 1,
447 4119 478 4174 18
496 4148 528 4158 -
548 4119 689 4174 1111101.
709 4119 749 4186 16,
768 4120 801 4172 27

407 4351 507 4421 4Ικαί]
521 4351 668 4406 Markland
683 4357 687 4418 Ι
703 4353 954 4422 Θτιαιδαγαιγᾱιν1Ἰ
969 4353 974 4420 Ι
992 4354 1030 4409 14
1043 4349 1059 4406 6
1072 4346 1227 4425 ἄνθρωπος
1237 4361 1269 4412 <
1278 4351 1299 4405 F
1314 4353 1318 4420 Ι
1335 4351 1372 4407 15
1384 4357 1470 4407 τοῦτο
1480 4351 1509 4405 Μ
1524 4352 1529 4419 Ι
1545 4351 1582 4406 10
1593 4345 1627 4406 εί·

323 4455 406 4504 ρηται
425 4437 452 4489 Μ
471 4435 582 4506 λέγεται
600 4436 621 4490 F
636 4437 640 4502 Ι
658 4437 694 4491 16
711 4437 787 4505 [τῶν]
805 4437 885 4490 Schw
900 4439 904 4504 Ι
929 4433 945 4490 6
964 4446 997 4497 <
1015 4437 1044 4490 M
1066 4439 1070 4504 Ι
1090 4438 1126 4493 21
1147 4436 1179 4494 τὸ
1198 4437 1264 4491 ΡΜ
1282 4443 1321 4506 τῷ
1340 4435 1374 4490 1¹¹²
1389 4443 1441 4492 τοῦ
1458 4436 1539 4490 Sehw
1562 4439 1566 4502 Ι
1590 4434 1627 4490 28

323 4515 353 4574 6²
370 4521 402 4574 St
420 4512 455 4576 ὃν
472 4520 522 4573 FM
539 4522 542 4587 Ι
559 4523 597 4577 26
613 4518 706 4594 τούτῳ
720 4521 867 4575 Markland
885 4529 970 4576 τοῦτο
983 4523 1032 4575 FM
1049 4523 1052 4589 Ι
1069 4523 1105 4577 27
1126 4517 1186 4578 ἐστί
1195 4541 1249 4576 τινι
1262 4521 1290 4574 Μ
1303 4517 1410 4577 ἐστινθ
1425 4523 1429 4590 Ι
1446 4520 1486 4577 28
1499 4517 1626 4590 φιλεῖται]

323 4602 357 4660 06
376 4606 440 4672 (von
452 4605 494 4657 M²
511 4606 680 4674 iibergesch.)
699 4608 820 4673 φιλεῖται
837 4606 865 4659 Μ
881 4607 886 4674 Ι
901 4607 942 4662 80
960 4605 996 4676 [6]
1016 4607 1047 4660 st
