<?xml version="1.0" encoding="UTF-8"?>
<!DOCTYPE html PUBLIC "-//W3C//DTD XHTML 1.0 Transitional//EN"
    "http://www.w3.org/TR/xhtml1/DTD/xhtml1-transitional.dtd">
<html xmlns="http://www.w3.org/1999/xhtml" xml:lang="en" lang="en">
 <head>
  <title>
</title>
<meta http-equiv="Content-Type" content="text/html;charset=utf-8" />
  <meta name='ocr-system' content='tesseract 3.04.00' />
  <meta name='ocr-capabilities' content='ocr_page ocr_carea ocr_par ocr_line ocrx_word'/>
</head>
<body>
  <div class='ocr_page' id='page_1' title='image "./diegriechischen04unkngoog/diegriechischen04unkngoog_0154.png"; bbox 0 0 3520 5498; ppageno 0'>
   <div class='ocr_carea' id='block_1_1' title="bbox 299 403 1025 472">
    <p class='ocr_par' dir='ltr' id='par_1_1' title="bbox 299 403 1025 472">
     <span class='ocr_line' id='line_1_1' title="bbox 299 403 1025 472; baseline -0.003 -14"><span class='ocrx_word' id='word_1_1' title='bbox 299 413 338 472; x_wconf 79' lang='lat'><strong><em>74</em></strong></span> <span class='ocrx_word' id='word_1_2' title='bbox 891 403 1025 460; x_wconf 81' lang='lat' dir='ltr'>Clemens.</span> 
     </span>
    </p>
   </div>
   <div class='ocr_carea' id='block_1_2' title="bbox 251 561 1741 3942">
    <p class='ocr_par' dir='ltr' id='par_1_2' title="bbox 299 561 1741 956">
     <span class='ocr_line' id='line_1_2' title="bbox 299 561 1613 658; baseline -0.003 -19"><span class='ocrx_word' id='word_1_3' title='bbox 299 563 341 639; x_wconf 87' lang='grc' dir='ltr'><strong><em>οῦ</em></strong></span> <span class='ocrx_word' id='word_1_4' title='bbox 365 574 456 651; x_wconf 91' lang='grc' dir='ltr'><strong><em>θεοί,</em></strong></span> <span class='ocrx_word' id='word_1_5' title='bbox 487 573 563 649; x_wconf 87' lang='grc' dir='ltr'><strong><em>πώς</em></strong></span> <span class='ocrx_word' id='word_1_6' title='bbox 585 566 625 640; x_wconf 88' lang='grc' dir='ltr'><strong><em>τὸ</em></strong></span> <span class='ocrx_word' id='word_1_7' title='bbox 648 573 715 655; x_wconf 99' lang='grc' dir='ltr'><strong><em>πῦρ</em></strong></span> <span class='ocrx_word' id='word_1_8' title='bbox 736 575 792 638; x_wconf 86' lang='grc' dir='ltr'><strong><em>καὶ</em></strong></span> <span class='ocrx_word' id='word_1_9' title='bbox 821 566 861 639; x_wconf 91' lang='grc' dir='ltr'><strong><em>τό</em></strong></span> <span class='ocrx_word' id='word_1_10' title='bbox 883 561 974 654; x_wconf 72' lang='grc' dir='ltr'><strong><em>ὕδωρ</em></strong></span> <span class='ocrx_word' id='word_1_11' title='bbox 996 575 1089 651; x_wconf 89' lang='grc' dir='ltr'><strong><em>θεοί;</em></strong></span> <span class='ocrx_word' id='word_1_12' title='bbox 1118 572 1194 648; x_wconf 86' lang='grc' dir='ltr'><strong><em>πώς</em></strong></span> <span class='ocrx_word' id='word_1_13' title='bbox 1217 573 1329 638; x_wconf 81' lang='grc' dir='ltr'><strong><em>δὲκαὶ</em></strong></span> <span class='ocrx_word' id='word_1_14' title='bbox 1357 571 1389 640; x_wconf 81' lang='grc' dir='ltr'><strong><em>οἱ</em></strong></span> <span class='ocrx_word' id='word_1_15' title='bbox 1420 565 1613 658; x_wconf 78' lang='grc' dir='ltr'><strong><em>διᾴσσοντες</em></strong></span> 
     </span>
     <span class='ocr_line' id='line_1_3' title="bbox 299 661 1613 756; baseline -0.002 -18"><span class='ocrx_word' id='word_1_16' title='bbox 299 675 356 738; x_wconf 88' lang='grc' dir='ltr'><strong><em>καί</em></strong></span> <span class='ocrx_word' id='word_1_17' title='bbox 379 670 411 739; x_wconf 90' lang='grc' dir='ltr'><strong><em>οί</em></strong></span> <span class='ocrx_word' id='word_1_18' title='bbox 432 671 579 755; x_wconf 82' lang='grc' dir='ltr'><em>κομῆται</em></span> <span class='ocrx_word' id='word_1_19' title='bbox 610 666 664 738; x_wconf 80' lang='grc' dir='ltr'><strong><em>διὰ</em></strong></span> <span class='ocrx_word' id='word_1_20' title='bbox 696 663 812 750; x_wconf 88' lang='grc' dir='ltr'><strong><em>πάθος</em></strong></span> <span class='ocrx_word' id='word_1_21' title='bbox 835 663 933 752; x_wconf 85' lang='grc' dir='ltr'><strong><em>άέρος</em></strong></span> <span class='ocrx_word' id='word_1_22' title='bbox 955 673 1183 756; x_wconf 83' lang='grc' dir='ltr'><strong><em>γεγενημένοι,·</em></strong></span> <span class='ocrx_word' id='word_1_23' title='bbox 1213 661 1292 738; x_wconf 74' lang='grc' dir='ltr'><strong><em>όδέ</em></strong></span> <span class='ocrx_word' id='word_1_24' title='bbox 1313 665 1378 756; x_wconf 84' lang='grc' dir='ltr'><strong><em>τὴν</em></strong></span> <span class='ocrx_word' id='word_1_25' title='bbox 1400 665 1506 755; x_wconf 81' lang='grc' dir='ltr'><strong><em>τύχην</em></strong></span> <span class='ocrx_word' id='word_1_26' title='bbox 1528 667 1613 738; x_wconf 84' lang='grc' dir='ltr'><strong><em>θεὸν</em></strong></span> 
     </span>
     <span class='ocr_line' id='line_1_4' title="bbox 301 759 1741 856; baseline -0.003 -17"><span class='ocrx_word' id='word_1_27' title='bbox 301 773 413 856; x_wconf 88' lang='grc' dir='ltr'><strong><em>λέγων</em></strong></span> <span class='ocrx_word' id='word_1_28' title='bbox 434 773 490 836; x_wconf 88' lang='grc' dir='ltr'><strong><em>καὶ</em></strong></span> <span class='ocrx_word' id='word_1_29' title='bbox 513 765 579 856; x_wconf 88' lang='grc' dir='ltr'><strong><em>τὴν</em></strong></span> <span class='ocrx_word' id='word_1_30' title='bbox 600 773 724 854; x_wconf 78' lang='grc' dir='ltr'><strong><em>πρᾶξιν</em></strong></span> <span class='ocrx_word' id='word_1_31' title='bbox 747 773 874 855; x_wconf 80' lang='grc' dir='ltr'><strong><em>λεγέτω</em></strong></span> <span class='ocrx_word' id='word_1_32' title='bbox 897 765 991 838; x_wconf 88' lang='grc' dir='ltr'><strong><em>θεόν.</em></strong></span> <span class='ocrx_word' id='word_1_33' title='bbox 1028 771 1057 837; x_wconf 86' lang='grc' dir='ltr'><strong><em>εί</em></strong></span> <span class='ocrx_word' id='word_1_34' title='bbox 1079 759 1198 856; x_wconf 83' lang='grc' dir='ltr'><strong><em>δὴοῦν</em></strong></span> <span class='ocrx_word' id='word_1_35' title='bbox 1221 763 1359 837; x_wconf 85' lang='grc' dir='ltr'><strong><em>τούτων</em></strong></span> <span class='ocrx_word' id='word_1_36' title='bbox 1381 763 1458 837; x_wconf 81' lang='grc' dir='ltr'><strong><em>οὑδὲ</em></strong></span> <span class='ocrx_word' id='word_1_37' title='bbox 1481 766 1612 848; x_wconf 74' lang='grc' dir='ltr'><strong><em>ἓνθεός</em></strong></span> <span class='ocrx_word' id='word_1_38' title='bbox 1633 783 1709 844; x_wconf 78' lang='grc' dir='ltr'><strong><em>ῖιι3,1</em></strong></span> <span class='ocrx_word' id='word_1_39' title='bbox 1740 799 1741 826; x_wconf 55' lang='grc' dir='ltr'><strong><em>ι</em></strong></span> 
     </span>
     <span class='ocr_line' id='line_1_5' title="bbox 302 863 1615 956; baseline 0.001 -19"><span class='ocrx_word' id='word_1_40' title='bbox 302 869 388 938; x_wconf 91' lang='grc' dir='ltr'><strong><em>είναι</em></strong></span> <span class='ocrx_word' id='word_1_41' title='bbox 416 873 588 953; x_wconf 80' lang='grc' dir='ltr'><strong><em>νομίζεται</em></strong></span> <span class='ocrx_word' id='word_1_42' title='bbox 611 865 688 937; x_wconf 84' lang='grc' dir='ltr'><strong><em>οῦδὲ</em></strong></span> <span class='ocrx_word' id='word_1_43' title='bbox 711 865 779 954; x_wconf 85' lang='grc' dir='ltr'><strong><em>μὴν</em></strong></span> <span class='ocrx_word' id='word_1_44' title='bbox 801 871 942 938; x_wconf 75' lang='grc' dir='ltr'><strong><em>ἐκείνων</em></strong></span> <span class='ocrx_word' id='word_1_45' title='bbox 964 873 1038 938; x_wconf 91' lang='grc' dir='ltr'><strong><em>τών</em></strong></span> <span class='ocrx_word' id='word_1_46' title='bbox 1057 864 1294 956; x_wconf 82' lang='grc' dir='ltr'><strong><em>χειροκμήτων</em></strong></span> <span class='ocrx_word' id='word_1_47' title='bbox 1316 873 1372 937; x_wconf 83' lang='grc' dir='ltr'><strong><em>καὶ</em></strong></span> <span class='ocrx_word' id='word_1_48' title='bbox 1393 863 1615 956; x_wconf 83' lang='grc' dir='ltr'><strong><em>άναισθὴτων</em></strong></span> 
     </span>
    </p>

    <p class='ocr_par' dir='ltr' id='par_1_3' title="bbox 267 961 1741 1454">
     <span class='ocr_line' id='line_1_6' title="bbox 267 961 1615 1055; baseline 0.001 -17"><span class='ocrx_word' id='word_1_49' title='bbox 267 984 283 1038; x_wconf 87' lang='lat'>5</span> <span class='ocrx_word' id='word_1_50' title='bbox 302 964 521 1055; x_wconf 77' lang='grc' dir='ltr'><strong><em>πλασμάτων,</em></strong></span> <span class='ocrx_word' id='word_1_51' title='bbox 546 963 694 1054; x_wconf 91' lang='grc' dir='ltr'><strong><em>πρόνοια</em></strong></span> <span class='ocrx_word' id='word_1_52' title='bbox 716 971 753 1036; x_wconf 81' lang='grc' dir='ltr'><strong><em>δέ</em></strong></span> <span class='ocrx_word' id='word_1_53' title='bbox 774 994 826 1048; x_wconf 92' lang='grc' dir='ltr'><strong><em>τις</em></strong></span> <span class='ocrx_word' id='word_1_54' title='bbox 839 971 916 1052; x_wconf 85' lang='grc' dir='ltr'><strong><em>περί</em></strong></span> <span class='ocrx_word' id='word_1_55' title='bbox 932 961 1017 1055; x_wconf 79' lang='grc' dir='ltr'><strong><em>ἡμᾶς</em></strong></span> <span class='ocrx_word' id='word_1_56' title='bbox 1034 971 1283 1054; x_wconf 79' lang='grc' dir='ltr'><strong><em>καταφαίνεται</em></strong></span> <span class='ocrx_word' id='word_1_57' title='bbox 1299 963 1474 1054; x_wconf 83' lang='grc' dir='ltr'><strong><em>δυνάμεως</em></strong></span> <span class='ocrx_word' id='word_1_58' title='bbox 1489 971 1615 1055; x_wconf 80' lang='grc' dir='ltr'><strong><em>θεῖκῆς,</em></strong></span> 
     </span>
     <span class='ocr_line' id='line_1_7' title="bbox 302 1059 1614 1156; baseline -0.002 -17"><span class='ocrx_word' id='word_1_59' title='bbox 302 1074 456 1139; x_wconf 90' lang='grc' dir='ltr'><strong><em>λείπεται</em></strong></span> <span class='ocrx_word' id='word_1_60' title='bbox 486 1062 586 1137; x_wconf 81' lang='grc' dir='ltr'><strong><em>οῦδὲν</em></strong></span> <span class='ocrx_word' id='word_1_61' title='bbox 615 1064 700 1137; x_wconf 82' lang='grc' dir='ltr'><strong><em>ἄλλο</em></strong></span> <span class='ocrx_word' id='word_1_62' title='bbox 723 1061 745 1153; x_wconf 80' lang='grc' dir='ltr'><em>ἢ</em></span> <span class='ocrx_word' id='word_1_63' title='bbox 767 1071 872 1137; x_wconf 90' lang='grc' dir='ltr'><strong><em>τοῦτο</em></strong></span> <span class='ocrx_word' id='word_1_64' title='bbox 902 1059 1090 1156; x_wconf 89' lang='grc' dir='ltr'><strong><em>όμολογεῖν,</em></strong></span> <span class='ocrx_word' id='word_1_65' title='bbox 1123 1059 1177 1136; x_wconf 86' lang='grc' dir='ltr'><strong><em>ότι</em></strong></span> <span class='ocrx_word' id='word_1_66' title='bbox 1200 1063 1265 1151; x_wconf 86' lang='grc' dir='ltr'><strong><em>άρα</em></strong></span> <span class='ocrx_word' id='word_1_67' title='bbox 1287 1059 1399 1147; x_wconf 88' lang='grc' dir='ltr'><strong><em>όντως</em></strong></span> <span class='ocrx_word' id='word_1_68' title='bbox 1419 1062 1526 1153; x_wconf 85' lang='grc' dir='ltr'><strong><em>μόνος</em></strong></span> <span class='ocrx_word' id='word_1_69' title='bbox 1547 1070 1614 1136; x_wconf 82' lang='grc' dir='ltr'><strong><em>ἔστι</em></strong></span> 
     </span>
     <span class='ocr_line' id='line_1_8' title="bbox 303 1158 1613 1256; baseline -0.001 -19"><span class='ocrx_word' id='word_1_70' title='bbox 303 1173 418 1237; x_wconf 84' lang='grc' dir='ltr'><strong><em>τεκαὶ</em></strong></span> <span class='ocrx_word' id='word_1_71' title='bbox 440 1162 631 1256; x_wconf 75' lang='grc' dir='ltr'><strong><em>ὑφέστηκεν</em></strong></span> <span class='ocrx_word' id='word_1_72' title='bbox 654 1160 672 1236; x_wconf 89' lang='grc' dir='ltr'><strong><em>ό</em></strong></span> <span class='ocrx_word' id='word_1_73' title='bbox 694 1161 799 1256; x_wconf 91' lang='grc' dir='ltr'><strong><em>μόνος</em></strong></span> <span class='ocrx_word' id='word_1_74' title='bbox 821 1158 935 1248; x_wconf 88' lang='grc' dir='ltr'><strong><em>όντως</em></strong></span> <span class='ocrx_word' id='word_1_75' title='bbox 956 1161 1122 1254; x_wconf 87' lang='grc' dir='ltr'><strong><em>ὑπάρχων</em></strong></span> <span class='ocrx_word' id='word_1_76' title='bbox 1144 1163 1234 1246; x_wconf 82' lang='grc' dir='ltr'><strong><em>θεός.</em></strong></span> <span class='ocrx_word' id='word_1_77' title='bbox 1277 1161 1365 1236; x_wconf 85' lang='grc' dir='ltr'><strong><em>άλλὰ</em></strong></span> <span class='ocrx_word' id='word_1_78' title='bbox 1386 1164 1448 1253; x_wconf 86' lang='grc' dir='ltr'><strong><em>γὰρ</em></strong></span> <span class='ocrx_word' id='word_1_79' title='bbox 1470 1171 1613 1252; x_wconf 89' lang='grc' dir='ltr'><strong><em>μανδρα-</em></strong></span> 
     </span>
     <span class='ocr_line' id='line_1_9' title="bbox 303 1261 1613 1355; baseline -0.002 -19"><span class='ocrx_word' id='word_1_80' title='bbox 303 1263 409 1354; x_wconf 90' lang='grc' dir='ltr'><strong><em>γόραν</em></strong></span> <span class='ocrx_word' id='word_1_81' title='bbox 430 1262 451 1354; x_wconf 82' lang='grc' dir='ltr'><em>ἢ</em></span> <span class='ocrx_word' id='word_1_82' title='bbox 474 1296 508 1337; x_wconf 90' lang='grc' dir='ltr'><strong><em>τι</em></strong></span> <span class='ocrx_word' id='word_1_83' title='bbox 531 1265 617 1338; x_wconf 89' lang='grc' dir='ltr'><strong><em>άλλο</em></strong></span> <span class='ocrx_word' id='word_1_84' title='bbox 634 1263 814 1355; x_wconf 90' lang='grc' dir='ltr'><strong><em>φάρμακον</em></strong></span> <span class='ocrx_word' id='word_1_85' title='bbox 829 1261 1028 1337; x_wconf 86' lang='grc' dir='ltr'><strong><em>πεπωκόσιν</em></strong></span> <span class='ocrx_word' id='word_1_86' title='bbox 1047 1262 1247 1354; x_wconf 78' lang='grc' dir='ltr'><strong><em>ἀνθρώποις</em></strong></span> <span class='ocrx_word' id='word_1_87' title='bbox 1269 1268 1403 1336; x_wconf 88' lang='grc' dir='ltr'><strong><em>ἐοίκατε</em></strong></span> <span class='ocrx_word' id='word_1_88' title='bbox 1417 1266 1449 1336; x_wconf 85' lang='grc' dir='ltr'><strong><em>οί</em></strong></span> <span class='ocrx_word' id='word_1_89' title='bbox 1461 1261 1613 1354; x_wconf 88' lang='grc' dir='ltr'><strong><em>άνόητοι.</em></strong></span> 
     </span>
     <span class='ocr_line' id='line_1_10' title="bbox 303 1359 1741 1454; baseline -0.003 -17"><span class='ocrx_word' id='word_1_90' title='bbox 303 1364 384 1446; x_wconf 87' lang='grc' dir='ltr'><strong><em>θεὸς</em></strong></span> <span class='ocrx_word' id='word_1_91' title='bbox 406 1370 442 1435; x_wconf 80' lang='grc' dir='ltr'><strong><em>δὲ</em></strong></span> <span class='ocrx_word' id='word_1_92' title='bbox 460 1363 537 1454; x_wconf 88' lang='grc' dir='ltr'><strong><em>ὑμῖν</em></strong></span> <span class='ocrx_word' id='word_1_93' title='bbox 559 1360 730 1454; x_wconf 75' lang='grc' dir='ltr'><strong><em>ἀνανῆψαι</em></strong></span> <span class='ocrx_word' id='word_1_94' title='bbox 752 1369 828 1454; x_wconf 89' lang='grc' dir='ltr'><strong><em>δοίη</em></strong></span> <span class='ocrx_word' id='word_1_95' title='bbox 850 1370 937 1436; x_wconf 79' lang='grc' dir='ltr'><strong><em>ποτὲ</em></strong></span> <span class='ocrx_word' id='word_1_96' title='bbox 959 1369 1059 1435; x_wconf 90' lang='grc' dir='ltr'><strong><em>τοῦδε</em></strong></span> <span class='ocrx_word' id='word_1_97' title='bbox 1081 1369 1144 1436; x_wconf 93' lang='grc' dir='ltr'><strong><em>τοῦ</em></strong></span> <span class='ocrx_word' id='word_1_98' title='bbox 1165 1359 1277 1436; x_wconf 85' lang='grc' dir='ltr'><strong><em>ὑπνου</em></strong></span> <span class='ocrx_word' id='word_1_99' title='bbox 1295 1371 1352 1435; x_wconf 86' lang='grc' dir='ltr'><strong><em>καὶ</em></strong></span> <span class='ocrx_word' id='word_1_100' title='bbox 1367 1371 1515 1436; x_wconf 82' lang='grc' dir='ltr'><strong><em>συνιέναι</em></strong></span> <span class='ocrx_word' id='word_1_101' title='bbox 1530 1363 1648 1436; x_wconf 68' lang='grc' dir='ltr'><strong><em>θεόνῖ</em></strong></span> <span class='ocrx_word' id='word_1_102' title='bbox 1740 1417 1741 1432; x_wconf 68' lang='grc'><strong><em>,</em></strong></span> 
     </span>
    </p>

    <p class='ocr_par' dir='ltr' id='par_1_4' title="bbox 251 1459 1741 1954">
     <span class='ocr_line' id='line_1_11' title="bbox 251 1459 1615 1562; baseline -0.002 -27"><span class='ocrx_word' id='word_1_103' title='bbox 251 1482 283 1536; x_wconf 89' lang='grc'><strong><em>10</em></strong></span> <span class='ocrx_word' id='word_1_104' title='bbox 302 1471 384 1554; x_wconf 81' lang='grc' dir='ltr'><strong><em>μηδὲ</em></strong></span> <span class='ocrx_word' id='word_1_105' title='bbox 405 1464 531 1554; x_wconf 89' lang='grc' dir='ltr'><strong><em>χρυσόν</em></strong></span> <span class='ocrx_word' id='word_1_106' title='bbox 553 1460 574 1552; x_wconf 82' lang='grc' dir='ltr'><em>ἢ</em></span> <span class='ocrx_word' id='word_1_107' title='bbox 597 1472 700 1536; x_wconf 81' lang='grc' dir='ltr'><strong><em>λίθον</em></strong></span> <span class='ocrx_word' id='word_1_108' title='bbox 720 1460 742 1552; x_wconf 80' lang='grc' dir='ltr'><em>ἢ</em></span> <span class='ocrx_word' id='word_1_109' title='bbox 766 1469 907 1562; x_wconf 83' lang='grc' dir='ltr'><strong><em>δένδρον</em></strong></span> <span class='ocrx_word' id='word_1_110' title='bbox 928 1459 950 1551; x_wconf 76' lang='grc' dir='ltr'><em>ἢ</em></span> <span class='ocrx_word' id='word_1_111' title='bbox 971 1471 1095 1552; x_wconf 78' lang='grc' dir='ltr'><strong><em>πρᾶξιν</em></strong></span> <span class='ocrx_word' id='word_1_112' title='bbox 1116 1459 1138 1552; x_wconf 80' lang='grc' dir='ltr'>ἢ</span> <span class='ocrx_word' id='word_1_113' title='bbox 1160 1461 1276 1546; x_wconf 90' lang='grc' dir='ltr'><strong><em>πάθος</em></strong></span> <span class='ocrx_word' id='word_1_114' title='bbox 1297 1459 1319 1552; x_wconf 79' lang='grc' dir='ltr'><strong><em>ἢ</em></strong></span> <span class='ocrx_word' id='word_1_115' title='bbox 1342 1461 1446 1535; x_wconf 86' lang='grc' dir='ltr'><strong><em>νόσον</em></strong></span> <span class='ocrx_word' id='word_1_116' title='bbox 1466 1459 1615 1552; x_wconf 78' lang='grc' dir='ltr'><strong><em>ἢφόβον</em></strong></span> 
     </span>
     <span class='ocr_line' id='line_1_12' title="bbox 303 1559 1615 1654; baseline -0.002 -20"><span class='ocrx_word' id='word_1_117' title='bbox 303 1561 521 1637; x_wconf 89' lang='grc' dir='ltr'><strong><em>ίνδάλλεσθαι</em></strong></span> <span class='ocrx_word' id='word_1_118' title='bbox 544 1559 592 1645; x_wconf 88' lang='grc' dir='ltr'><strong><em>ώς</em></strong></span> <span class='ocrx_word' id='word_1_119' title='bbox 614 1562 709 1636; x_wconf 87' lang='grc' dir='ltr'><strong><em>θεόν.</em></strong></span> <span class='ocrx_word' id='word_1_120' title='bbox 742 1572 833 1652; x_wconf 75' lang='grc' dir='ltr'><strong><em>»τρὶς</em></strong></span> <span class='ocrx_word' id='word_1_121' title='bbox 847 1562 911 1652; x_wconf 85' lang='grc' dir='ltr'><strong><em>γὰρ</em></strong></span> <span class='ocrx_word' id='word_1_122' title='bbox 925 1561 1038 1654; x_wconf 83' lang='grc' dir='ltr'><strong><em>μύριοί</em></strong></span> <span class='ocrx_word' id='word_1_123' title='bbox 1061 1569 1162 1635; x_wconf 79' lang='grc' dir='ltr'><strong><em>είσιντ</em></strong></span> <span class='ocrx_word' id='word_1_124' title='bbox 1190 1560 1238 1647; x_wconf 74' lang='grc' dir='ltr'><strong><em>σός</em></strong></span> <span class='ocrx_word' id='word_1_125' title='bbox 1253 1559 1395 1654; x_wconf 80' lang='grc' dir='ltr'><strong><em>άληθῶς</em></strong></span> <span class='ocrx_word' id='word_1_126' title='bbox 1426 1566 1500 1632; x_wconf 74' lang='grc' dir='ltr'><strong><em>»ἐπὶ</em></strong></span> <span class='ocrx_word' id='word_1_127' title='bbox 1513 1571 1615 1650; x_wconf 84' lang='grc' dir='ltr'><strong><em>χθονὶ</em></strong></span> 
     </span>
     <span class='ocr_line' id='line_1_13' title="bbox 303 1658 1614 1753; baseline 0 -19"><span class='ocrx_word' id='word_1_128' title='bbox 303 1671 551 1752; x_wconf 80' lang='grc' dir='ltr'><strong><em>πουλυβοτείρῃ</em></strong></span> <span class='ocrx_word' id='word_1_129' title='bbox 574 1669 748 1752; x_wconf 71' lang='grc' dir='ltr'><strong><em>δαίμονες(</em></strong></span> <span class='ocrx_word' id='word_1_130' title='bbox 774 1660 835 1735; x_wconf 85' lang='grc' dir='ltr'><strong><em>οῦκ</em></strong></span> <span class='ocrx_word' id='word_1_131' title='bbox 865 1660 1073 1735; x_wconf 73' lang='grc' dir='ltr'><strong><em>»άθάνατοιι</em></strong></span> <span class='ocrx_word' id='word_1_132' title='bbox 1104 1659 1181 1735; x_wconf 80' lang='grc' dir='ltr'><strong><em>οῦδὲ</em></strong></span> <span class='ocrx_word' id='word_1_133' title='bbox 1202 1663 1270 1753; x_wconf 85' lang='grc' dir='ltr'><strong><em>μὴν</em></strong></span> <span class='ocrx_word' id='word_1_134' title='bbox 1292 1669 1418 1751; x_wconf 88' lang='grc' dir='ltr'><strong><em>θνητοί</em></strong></span> <span class='ocrx_word' id='word_1_135' title='bbox 1439 1658 1529 1750; x_wconf 82' lang='grc' dir='ltr'><strong><em>(οῦδὲ</em></strong></span> <span class='ocrx_word' id='word_1_136' title='bbox 1553 1662 1614 1752; x_wconf 83' lang='grc' dir='ltr'><strong><em>γὰρ</em></strong></span> 
     </span>
     <span class='ocr_line' id='line_1_14' title="bbox 303 1761 1614 1853; baseline -0.004 -18"><span class='ocrx_word' id='word_1_137' title='bbox 303 1761 501 1853; x_wconf 83' lang='grc' dir='ltr'><strong><em>αἰσθήσεως,</em></strong></span> <span class='ocrx_word' id='word_1_138' title='bbox 534 1767 588 1834; x_wconf 86' lang='grc' dir='ltr'><strong><em>ίνα</em></strong></span> <span class='ocrx_word' id='word_1_139' title='bbox 619 1770 675 1834; x_wconf 81' lang='grc' dir='ltr'><strong><em>καί</em></strong></span> <span class='ocrx_word' id='word_1_140' title='bbox 696 1761 863 1849; x_wconf 91' lang='grc' dir='ltr'><strong><em>θανάτου,</em></strong></span> <span class='ocrx_word' id='word_1_141' title='bbox 895 1761 1159 1853; x_wconf 84' lang='grc' dir='ltr'><strong><em>μετειλήφασιν),</em></strong></span> <span class='ocrx_word' id='word_1_142' title='bbox 1191 1771 1321 1836; x_wconf 81' lang='grc' dir='ltr'><strong><em>λίθινοι</em></strong></span> <span class='ocrx_word' id='word_1_143' title='bbox 1352 1769 1464 1834; x_wconf 75' lang='grc' dir='ltr'><strong><em>δὲκαὶ</em></strong></span> <span class='ocrx_word' id='word_1_144' title='bbox 1486 1761 1614 1847; x_wconf 76' lang='grc' dir='ltr'><strong><em>ξύλινοι</em></strong></span> 
     </span>
     <span class='ocr_line' id='line_1_15' title="bbox 303 1859 1741 1954; baseline -0.001 -22"><span class='ocrx_word' id='word_1_145' title='bbox 303 1860 463 1934; x_wconf 81' lang='grc' dir='ltr'><strong><em>δεσπόται</em></strong></span> <span class='ocrx_word' id='word_1_146' title='bbox 485 1859 700 1950; x_wconf 85' lang='grc' dir='ltr'><strong><em>άνθρώπων,</em></strong></span> <span class='ocrx_word' id='word_1_147' title='bbox 731 1860 925 1952; x_wconf 80' lang='grc' dir='ltr'><strong><em>ὑβρίζοντες</em></strong></span> <span class='ocrx_word' id='word_1_148' title='bbox 945 1870 1000 1932; x_wconf 83' lang='grc' dir='ltr'><strong><em>καί</em></strong></span> <span class='ocrx_word' id='word_1_149' title='bbox 1022 1868 1345 1952; x_wconf 87' lang='grc' dir='ltr'><strong><em>παρασπονδοῦντες</em></strong></span> <span class='ocrx_word' id='word_1_150' title='bbox 1367 1859 1430 1934; x_wconf 89' lang='grc' dir='ltr'><strong><em>τόν</em></strong></span> <span class='ocrx_word' id='word_1_151' title='bbox 1460 1868 1537 1947; x_wconf 87' lang='grc' dir='ltr'><strong><em>βίον</em></strong></span> <span class='ocrx_word' id='word_1_152' title='bbox 1559 1860 1612 1932; x_wconf 82' lang='grc' dir='ltr'><strong><em>διὰ</em></strong></span> <span class='ocrx_word' id='word_1_153' title='bbox 1740 1933 1741 1954; x_wconf 30' lang='grc'><strong><em>,</em></strong></span> 
     </span>
    </p>

    <p class='ocr_par' dir='ltr' id='par_1_5' title="bbox 251 1957 1741 2452">
     <span class='ocr_line' id='line_1_16' title="bbox 251 1957 1741 2053; baseline -0.014 -19"><span class='ocrx_word' id='word_1_154' title='bbox 251 1985 284 2035; x_wconf 82' lang='lat'><strong><em>15</em></strong></span> <span class='ocrx_word' id='word_1_155' title='bbox 304 1968 364 2052; x_wconf 86' lang='grc' dir='ltr'><strong><em>τῆς</em></strong></span> <span class='ocrx_word' id='word_1_156' title='bbox 382 1973 387 2046; x_wconf 92' lang='grc' dir='ltr'>Ι</span> <span class='ocrx_word' id='word_1_157' title='bbox 406 1969 595 2052; x_wconf 89' lang='grc' dir='ltr'><strong><em>συνηθείας.</em></strong></span> <span class='ocrx_word' id='word_1_158' title='bbox 641 1959 679 2053; x_wconf 75' lang='grc' dir='ltr'><strong><em>»ἦ</em></strong></span> <span class='ocrx_word' id='word_1_159' title='bbox 703 1971 744 2053; x_wconf 84' lang='grc' dir='ltr'><strong><em>γῆ</em></strong></span> <span class='ocrx_word' id='word_1_160' title='bbox 766 1970 801 2048; x_wconf 88' lang='grc' dir='ltr'><strong><em>δέ</em></strong></span> <span class='ocrx_word' id='word_1_161' title='bbox 825 1969 889 2036; x_wconf 90' lang='grc' dir='ltr'><strong><em>τοῦ</em></strong></span> <span class='ocrx_word' id='word_1_162' title='bbox 910 1968 1055 2051; x_wconf 76' lang='grc' dir='ltr'><strong><em>κυρίου,τ</em></strong></span> <span class='ocrx_word' id='word_1_163' title='bbox 1080 1969 1176 2052; x_wconf 88' lang='grc' dir='ltr'><strong><em>φιγσί,</em></strong></span> <span class='ocrx_word' id='word_1_164' title='bbox 1210 1971 1282 2033; x_wconf 75' lang='grc' dir='ltr'><strong><em>»καὶ</em></strong></span> <span class='ocrx_word' id='word_1_165' title='bbox 1305 1960 1346 2032; x_wconf 88' lang='grc' dir='ltr'><strong><em>τό</em></strong></span> <span class='ocrx_word' id='word_1_166' title='bbox 1367 1958 1535 2052; x_wconf 85' lang='grc' dir='ltr'><strong><em>πλήρωμα</em></strong></span> <span class='ocrx_word' id='word_1_167' title='bbox 1559 1957 1612 2030; x_wconf 80' lang='grc' dir='ltr'><strong><em>αὑ-</em></strong></span> <span class='ocrx_word' id='word_1_168' title='bbox 1629 1964 1741 2020; x_wconf 68' lang='lat'><strong><em>82121-:3</em></strong></span> 
     </span>
     <span class='ocr_line' id='line_1_17' title="bbox 305 2057 1741 2156; baseline 0 -25"><span class='ocrx_word' id='word_1_169' title='bbox 305 2069 396 2151; x_wconf 80' lang='grc' dir='ltr'><strong><em>τῆς·ι</em></strong></span> <span class='ocrx_word' id='word_1_170' title='bbox 421 2062 495 2132; x_wconf 81' lang='grc' dir='ltr'><strong><em>εἶτα</em></strong></span> <span class='ocrx_word' id='word_1_171' title='bbox 515 2070 550 2133; x_wconf 91' lang='grc' dir='ltr'><strong><em>τί</em></strong></span> <span class='ocrx_word' id='word_1_172' title='bbox 571 2069 699 2156; x_wconf 78' lang='grc' dir='ltr'><strong><em>τολμᾷς</em></strong></span> <span class='ocrx_word' id='word_1_173' title='bbox 720 2068 758 2134; x_wconf 89' lang='grc' dir='ltr'><strong><em>ἐν</em></strong></span> <span class='ocrx_word' id='word_1_174' title='bbox 780 2081 853 2145; x_wconf 92' lang='grc' dir='ltr'><strong><em>τοῖς</em></strong></span> <span class='ocrx_word' id='word_1_175' title='bbox 876 2069 939 2135; x_wconf 89' lang='grc' dir='ltr'><strong><em>τοῦ</em></strong></span> <span class='ocrx_word' id='word_1_176' title='bbox 960 2068 1078 2152; x_wconf 92' lang='grc' dir='ltr'><strong><em>κυρίου</em></strong></span> <span class='ocrx_word' id='word_1_177' title='bbox 1099 2069 1244 2150; x_wconf 82' lang='grc' dir='ltr'><strong><em>τρυφῶν</em></strong></span> <span class='ocrx_word' id='word_1_178' title='bbox 1267 2057 1402 2151; x_wconf 89' lang='grc' dir='ltr'><strong><em>άγνοεῖν</em></strong></span> <span class='ocrx_word' id='word_1_179' title='bbox 1417 2059 1480 2132; x_wconf 88' lang='grc' dir='ltr'><strong><em>τόν</em></strong></span> <span class='ocrx_word' id='word_1_180' title='bbox 1496 2058 1612 2132; x_wconf 85' lang='grc' dir='ltr'><strong><em>δεσπό-</em></strong></span> <span class='ocrx_word' id='word_1_181' title='bbox 1740 2073 1741 2078; x_wconf 75' lang='grc'>’</span> 
     </span>
     <span class='ocr_line' id='line_1_18' title="bbox 303 2157 1614 2253; baseline -0.003 -21"><span class='ocrx_word' id='word_1_182' title='bbox 303 2189 385 2251; x_wconf 91' lang='grc' dir='ltr'><strong><em>την;</em></strong></span> <span class='ocrx_word' id='word_1_183' title='bbox 415 2159 597 2234; x_wconf 84' lang='grc' dir='ltr'><strong><em>κατάλειπε</em></strong></span> <span class='ocrx_word' id='word_1_184' title='bbox 619 2162 683 2253; x_wconf 85' lang='grc' dir='ltr'><strong><em>τὴν</em></strong></span> <span class='ocrx_word' id='word_1_185' title='bbox 705 2169 769 2253; x_wconf 84' lang='grc' dir='ltr'><strong><em>γῆν</em></strong></span> <span class='ocrx_word' id='word_1_186' title='bbox 788 2162 853 2252; x_wconf 86' lang='grc' dir='ltr'><strong><em>τὴν</em></strong></span> <span class='ocrx_word' id='word_1_187' title='bbox 875 2161 973 2252; x_wconf 83' lang='grc' dir='ltr'><strong><em>ἐμήν,</em></strong></span> <span class='ocrx_word' id='word_1_188' title='bbox 1005 2166 1074 2250; x_wconf 88' lang='grc' dir='ltr'><strong><em>ἐρεῖ</em></strong></span> <span class='ocrx_word' id='word_1_189' title='bbox 1092 2186 1145 2233; x_wconf 93' lang='grc' dir='ltr'><strong><em>σοι</em></strong></span> <span class='ocrx_word' id='word_1_190' title='bbox 1168 2157 1187 2233; x_wconf 88' lang='grc' dir='ltr'><strong><em>ό</em></strong></span> <span class='ocrx_word' id='word_1_191' title='bbox 1210 2160 1332 2249; x_wconf 84' lang='grc' dir='ltr'><strong><em>κύριος,</em></strong></span> <span class='ocrx_word' id='word_1_192' title='bbox 1363 2159 1409 2250; x_wconf 80' lang='grc' dir='ltr'><strong><em>μὴ</em></strong></span> <span class='ocrx_word' id='word_1_193' title='bbox 1431 2169 1531 2249; x_wconf 90' lang='grc' dir='ltr'><strong><em>θίγης</em></strong></span> <span class='ocrx_word' id='word_1_194' title='bbox 1554 2166 1614 2230; x_wconf 83' lang='grc' dir='ltr'><strong><em>τοῦ</em></strong></span> 
     </span>
     <span class='ocr_line' id='line_1_19' title="bbox 302 2253 1613 2350; baseline -0.002 -19"><span class='ocrx_word' id='word_1_195' title='bbox 302 2257 428 2345; x_wconf 86' lang='grc' dir='ltr'><strong><em>ὑδατος</em></strong></span> <span class='ocrx_word' id='word_1_196' title='bbox 459 2255 478 2332; x_wconf 84' lang='grc' dir='ltr'><strong><em>ὑ</em></strong></span> <span class='ocrx_word' id='word_1_197' title='bbox 510 2263 576 2350; x_wconf 85' lang='grc' dir='ltr'><strong><em>ἐγώ</em></strong></span> <span class='ocrx_word' id='word_1_198' title='bbox 608 2259 809 2350; x_wconf 89' lang='grc' dir='ltr'><strong><em>άναδίδωμι,</em></strong></span> <span class='ocrx_word' id='word_1_199' title='bbox 839 2269 912 2333; x_wconf 85' lang='grc' dir='ltr'><strong><em>τών</em></strong></span> <span class='ocrx_word' id='word_1_200' title='bbox 941 2269 1085 2350; x_wconf 82' lang='grc' dir='ltr'><strong><em>καρπῶν</em></strong></span> <span class='ocrx_word' id='word_1_201' title='bbox 1108 2253 1159 2332; x_wconf 86' lang='grc' dir='ltr'><strong><em>ών</em></strong></span> <span class='ocrx_word' id='word_1_202' title='bbox 1191 2261 1257 2349; x_wconf 86' lang='grc' dir='ltr'><strong><em>ἐγώ</em></strong></span> <span class='ocrx_word' id='word_1_203' title='bbox 1280 2267 1430 2348; x_wconf 81' lang='grc' dir='ltr'><strong><em>γεωργῶ,</em></strong></span> <span class='ocrx_word' id='word_1_204' title='bbox 1451 2258 1495 2349; x_wconf 83' lang='grc' dir='ltr'><strong><em>μὴ</em></strong></span> <span class='ocrx_word' id='word_1_205' title='bbox 1518 2286 1613 2346; x_wconf 88' lang='grc' dir='ltr'><strong><em>μετα-</em></strong></span> 
     </span>
     <span class='ocr_line' id='line_1_20' title="bbox 304 2357 1615 2452; baseline -0.004 -19"><span class='ocrx_word' id='word_1_206' title='bbox 304 2359 465 2451; x_wconf 91' lang='grc' dir='ltr'><strong><em>λάμβανε·</em></strong></span> <span class='ocrx_word' id='word_1_207' title='bbox 498 2357 638 2444; x_wconf 87' lang='grc' dir='ltr'><strong><em>άπόδος,</em></strong></span> <span class='ocrx_word' id='word_1_208' title='bbox 662 2360 836 2449; x_wconf 79' lang='grc' dir='ltr'><strong><em>ἄνθρωπε,</em></strong></span> <span class='ocrx_word' id='word_1_209' title='bbox 860 2361 902 2433; x_wconf 86' lang='grc' dir='ltr'><strong><em>τά</em></strong></span> <span class='ocrx_word' id='word_1_210' title='bbox 924 2379 1068 2451; x_wconf 86' lang='grc' dir='ltr'><strong><em>τροφεῖα</em></strong></span> <span class='ocrx_word' id='word_1_211' title='bbox 1091 2367 1142 2450; x_wconf 85' lang='grc' dir='ltr'><strong><em>τῷ</em></strong></span> <span class='ocrx_word' id='word_1_212' title='bbox 1164 2367 1252 2452; x_wconf 82' lang='grc' dir='ltr'><strong><em>θεῷ·</em></strong></span> <span class='ocrx_word' id='word_1_213' title='bbox 1281 2364 1449 2449; x_wconf 87' lang='grc' dir='ltr'><strong><em>ἐπίγνωθί</em></strong></span> <span class='ocrx_word' id='word_1_214' title='bbox 1471 2384 1533 2430; x_wconf 89' lang='grc' dir='ltr'><strong><em>σου</em></strong></span> <span class='ocrx_word' id='word_1_215' title='bbox 1556 2358 1615 2429; x_wconf 87' lang='grc' dir='ltr'><strong><em>τόν</em></strong></span> 
     </span>
    </p>

    <p class='ocr_par' dir='ltr' id='par_1_6' title="bbox 252 2455 1665 2950">
     <span class='ocr_line' id='line_1_21' title="bbox 252 2455 1614 2549; baseline -0.005 -17"><span class='ocrx_word' id='word_1_216' title='bbox 252 2479 286 2532; x_wconf 86' lang='grc'><strong><em>20</em></strong></span> <span class='ocrx_word' id='word_1_217' title='bbox 304 2457 487 2549; x_wconf 82' lang='grc' dir='ltr'><strong><em>δεσπότην·</em></strong></span> <span class='ocrx_word' id='word_1_218' title='bbox 531 2463 619 2532; x_wconf 84' lang='grc' dir='ltr'><strong><em>ἴδιον</em></strong></span> <span class='ocrx_word' id='word_1_219' title='bbox 641 2461 673 2531; x_wconf 90' lang='grc' dir='ltr'><strong><em>εί</em></strong></span> <span class='ocrx_word' id='word_1_220' title='bbox 691 2459 827 2549; x_wconf 89' lang='grc' dir='ltr'><strong><em>πλάσμα</em></strong></span> <span class='ocrx_word' id='word_1_221' title='bbox 854 2468 917 2534; x_wconf 91' lang='grc' dir='ltr'><strong><em>τοῦ</em></strong></span> <span class='ocrx_word' id='word_1_222' title='bbox 938 2467 1036 2534; x_wconf 86' lang='grc' dir='ltr'><strong><em>θεοῦ·</em></strong></span> <span class='ocrx_word' id='word_1_223' title='bbox 1076 2459 1117 2532; x_wconf 91' lang='grc' dir='ltr'><strong><em>τό</em></strong></span> <span class='ocrx_word' id='word_1_224' title='bbox 1141 2466 1176 2530; x_wconf 83' lang='grc' dir='ltr'><strong><em>δὲ</em></strong></span> <span class='ocrx_word' id='word_1_225' title='bbox 1198 2467 1324 2533; x_wconf 86' lang='grc' dir='ltr'><strong><em>οίκεῖον</em></strong></span> <span class='ocrx_word' id='word_1_226' title='bbox 1347 2457 1454 2534; x_wconf 87' lang='grc' dir='ltr'><strong><em>αὑτοῦ</em></strong></span> <span class='ocrx_word' id='word_1_227' title='bbox 1474 2466 1550 2540; x_wconf 88' lang='grc' dir='ltr'><strong><em>ποῦς</em></strong></span> <span class='ocrx_word' id='word_1_228' title='bbox 1572 2455 1614 2526; x_wconf 76' lang='grc' dir='ltr'><strong><em>ἂν</em></strong></span> 
     </span>
     <span class='ocr_line' id='line_1_22' title="bbox 304 2556 1614 2650; baseline 0 -20"><span class='ocrx_word' id='word_1_229' title='bbox 304 2564 445 2644; x_wconf 77' lang='grc' dir='ltr'><strong><em>ἐνδίκως</em></strong></span> <span class='ocrx_word' id='word_1_230' title='bbox 468 2556 655 2648; x_wconf 78' lang='grc' dir='ltr'><strong><em>ἀλλότριον</em></strong></span> <span class='ocrx_word' id='word_1_231' title='bbox 677 2567 827 2649; x_wconf 80' lang='grc' dir='ltr'><strong><em>γένοιτο;</em></strong></span> <span class='ocrx_word' id='word_1_232' title='bbox 850 2560 890 2633; x_wconf 91' lang='grc' dir='ltr'><strong><em>τό</em></strong></span> <span class='ocrx_word' id='word_1_233' title='bbox 914 2561 976 2650; x_wconf 81' lang='grc' dir='ltr'><strong><em>γὰρ</em></strong></span> <span class='ocrx_word' id='word_1_234' title='bbox 993 2558 1319 2649; x_wconf 78' lang='grc' dir='ltr'><strong><em>άπηλλοτριωμένον</em></strong></span> <span class='ocrx_word' id='word_1_235' title='bbox 1336 2556 1540 2648; x_wconf 88' lang='grc' dir='ltr'><strong><em>στερόμενον</em></strong></span> <span class='ocrx_word' id='word_1_236' title='bbox 1556 2563 1614 2647; x_wconf 85' lang='grc' dir='ltr'><strong><em>τῆς</em></strong></span> 
     </span>
     <span class='ocr_line' id='line_1_23' title="bbox 305 2653 1665 2750; baseline -0.003 -17"><span class='ocrx_word' id='word_1_237' title='bbox 305 2659 517 2749; x_wconf 81' lang='grc' dir='ltr'><strong><em>οἰκειότητος</em></strong></span> <span class='ocrx_word' id='word_1_238' title='bbox 540 2666 694 2748; x_wconf 80' lang='grc' dir='ltr'><strong><em>στέρεται</em></strong></span> <span class='ocrx_word' id='word_1_239' title='bbox 717 2666 778 2750; x_wconf 83' lang='grc' dir='ltr'><strong><em>τῆς</em></strong></span> <span class='ocrx_word' id='word_1_240' title='bbox 799 2657 969 2748; x_wconf 79' lang='grc' dir='ltr'><strong><em>ἀληθείας.</em></strong></span> <span class='ocrx_word' id='word_1_241' title='bbox 1006 2653 1025 2750; x_wconf 82' lang='grc' dir='ltr'><strong><em>ἦ</em></strong></span> <span class='ocrx_word' id='word_1_242' title='bbox 1047 2658 1110 2748; x_wconf 81' lang='grc' dir='ltr'><strong><em>γάρ</em></strong></span> <span class='ocrx_word' id='word_1_243' title='bbox 1132 2656 1192 2748; x_wconf 84' lang='grc' dir='ltr'><strong><em>οὑχ</em></strong></span> <span class='ocrx_word' id='word_1_244' title='bbox 1215 2653 1360 2749; x_wconf 75' lang='grc' dir='ltr'><strong><em>ᾗΝιόβη</em></strong></span> <span class='ocrx_word' id='word_1_245' title='bbox 1378 2655 1511 2747; x_wconf 91' lang='grc' dir='ltr'><strong><em>τρόπον</em></strong></span> <span class='ocrx_word' id='word_1_246' title='bbox 1527 2655 1612 2730; x_wconf 89' lang='grc' dir='ltr'><strong><em>τινά.</em></strong></span> <span class='ocrx_word' id='word_1_247' title='bbox 1629 2655 1665 2712; x_wconf 81' lang='lat'><strong><em>4&#39;</em></strong></span> 
     </span>
     <span class='ocr_line' id='line_1_24' title="bbox 303 2756 1614 2850; baseline -0.003 -18"><span class='ocrx_word' id='word_1_248' title='bbox 303 2767 437 2847; x_wconf 84' lang='grc' dir='ltr'><strong><em>μᾶλλον</em></strong></span> <span class='ocrx_word' id='word_1_249' title='bbox 459 2766 495 2831; x_wconf 81' lang='grc' dir='ltr'><strong><em>δὲ</em></strong></span> <span class='ocrx_word' id='word_1_250' title='bbox 517 2764 574 2830; x_wconf 82' lang='grc' dir='ltr'><strong><em>ίνο</em></strong></span> <span class='ocrx_word' id='word_1_251' title='bbox 595 2761 851 2850; x_wconf 90' lang='grc' dir='ltr'><strong><em>μυστικώτερον</em></strong></span> <span class='ocrx_word' id='word_1_252' title='bbox 872 2760 958 2848; x_wconf 86' lang='grc' dir='ltr'><strong><em>πρὸς</em></strong></span> <span class='ocrx_word' id='word_1_253' title='bbox 979 2757 1063 2849; x_wconf 85' lang='grc' dir='ltr'><strong><em>ὑμᾶς</em></strong></span> <span class='ocrx_word' id='word_1_254' title='bbox 1080 2756 1358 2849; x_wconf 79' lang='grc' dir='ltr'><strong><em>ἐποφθέγξωμαι,</em></strong></span> <span class='ocrx_word' id='word_1_255' title='bbox 1381 2757 1539 2848; x_wconf 88' lang='grc' dir='ltr'><strong><em>γυναικὸς</em></strong></span> <span class='ocrx_word' id='word_1_256' title='bbox 1554 2764 1614 2846; x_wconf 80' lang='grc' dir='ltr'><strong><em>τῆς</em></strong></span> 
     </span>
     <span class='ocr_line' id='line_1_25' title="bbox 303 2854 1613 2950; baseline -0.002 -21"><span class='ocrx_word' id='word_1_257' title='bbox 303 2855 454 2948; x_wconf 84' lang='grc' dir='ltr'><strong><em>Ἑβραίας</em></strong></span> <span class='ocrx_word' id='word_1_258' title='bbox 476 2865 575 2948; x_wconf 89' lang='grc' dir='ltr'><strong><em>δίκην</em></strong></span> <span class='ocrx_word' id='word_1_259' title='bbox 597 2861 693 2945; x_wconf 86' lang='grc' dir='ltr'><strong><em>(Λώτ</em></strong></span> <span class='ocrx_word' id='word_1_260' title='bbox 715 2858 861 2932; x_wconf 79' lang='grc' dir='ltr'><strong><em>ἐκάλουν</em></strong></span> <span class='ocrx_word' id='word_1_261' title='bbox 883 2856 991 2948; x_wconf 84' lang='grc' dir='ltr'><strong><em>αὑτὴν</em></strong></span> <span class='ocrx_word' id='word_1_262' title='bbox 1014 2863 1046 2931; x_wconf 90' lang='grc' dir='ltr'><strong><em>σί</em></strong></span> <span class='ocrx_word' id='word_1_263' title='bbox 1068 2864 1220 2946; x_wconf 81' lang='grc' dir='ltr'><strong><em>παλαιοί)</em></strong></span> <span class='ocrx_word' id='word_1_264' title='bbox 1247 2864 1294 2942; x_wconf 89' lang='grc' dir='ltr'><strong><em>είς</em></strong></span> <span class='ocrx_word' id='word_1_265' title='bbox 1316 2854 1541 2950; x_wconf 77' lang='grc' dir='ltr'><strong><em>ἀναισθησίαν</em></strong></span> <span class='ocrx_word' id='word_1_266' title='bbox 1561 2884 1613 2946; x_wconf 88' lang='grc' dir='ltr'><strong><em>με·</em></strong></span> 
     </span>
    </p>

    <p class='ocr_par' dir='ltr' id='par_1_7' title="bbox 252 2955 1702 3447">
     <span class='ocr_line' id='line_1_26' title="bbox 252 2955 1614 3049; baseline -0.003 -19"><span class='ocrx_word' id='word_1_267' title='bbox 252 2975 285 3030; x_wconf 75' lang='grc'><strong><em>25</em></strong></span> <span class='ocrx_word' id='word_1_268' title='bbox 304 2965 532 3045; x_wconf 84' lang='grc' dir='ltr'><strong><em>τατρέπεσθε;</em></strong></span> <span class='ocrx_word' id='word_1_269' title='bbox 560 2967 794 3048; x_wconf 82' lang='grc' dir='ltr'><strong><em>λελιθωμένην</em></strong></span> <span class='ocrx_word' id='word_1_270' title='bbox 815 2957 946 3049; x_wconf 80' lang='grc' dir='ltr'><strong><em>ταύτην</em></strong></span> <span class='ocrx_word' id='word_1_271' title='bbox 968 2956 1228 3047; x_wconf 87' lang='grc' dir='ltr'><strong><em>παρειλήφαμεν</em></strong></span> <span class='ocrx_word' id='word_1_272' title='bbox 1249 2958 1315 3047; x_wconf 86' lang='grc' dir='ltr'><strong><em>τὴν</em></strong></span> <span class='ocrx_word' id='word_1_273' title='bbox 1335 2977 1475 3048; x_wconf 87' lang='grc' dir='ltr'><strong><em>γυναῖκα</em></strong></span> <span class='ocrx_word' id='word_1_274' title='bbox 1498 2956 1550 3028; x_wconf 82' lang='grc' dir='ltr'><strong><em>διὰ</em></strong></span> <span class='ocrx_word' id='word_1_275' title='bbox 1573 2955 1614 3027; x_wconf 89' lang='grc' dir='ltr'><strong><em>τό</em></strong></span> 
     </span>
     <span class='ocr_line' id='line_1_27' title="bbox 304 3053 1614 3150; baseline -0.002 -23"><span class='ocrx_word' id='word_1_276' title='bbox 304 3053 474 3147; x_wconf 89' lang='grc' dir='ltr'><strong><em>Σοδόμων</em></strong></span> <span class='ocrx_word' id='word_1_277' title='bbox 503 3062 598 3146; x_wconf 83' lang='grc' dir='ltr'><strong><em>ἐρᾶν·</em></strong></span> <span class='ocrx_word' id='word_1_278' title='bbox 642 3064 831 3150; x_wconf 83' lang='grc' dir='ltr'><strong><em>Σοδομῖται</em></strong></span> <span class='ocrx_word' id='word_1_279' title='bbox 862 3065 898 3130; x_wconf 84' lang='grc' dir='ltr'><strong><em>δὲ</em></strong></span> <span class='ocrx_word' id='word_1_280' title='bbox 929 3061 962 3130; x_wconf 85' lang='grc' dir='ltr'><strong><em>οί</em></strong></span> <span class='ocrx_word' id='word_1_281' title='bbox 993 3057 1091 3129; x_wconf 87' lang='grc' dir='ltr'><strong><em>άθεοι</em></strong></span> <span class='ocrx_word' id='word_1_282' title='bbox 1121 3065 1176 3127; x_wconf 84' lang='grc' dir='ltr'><strong><em>καί</em></strong></span> <span class='ocrx_word' id='word_1_283' title='bbox 1199 3061 1231 3128; x_wconf 78' lang='grc' dir='ltr'><strong><em>οἱ</em></strong></span> <span class='ocrx_word' id='word_1_284' title='bbox 1261 3057 1348 3146; x_wconf 88' lang='grc' dir='ltr'><strong><em>πρός</em></strong></span> <span class='ocrx_word' id='word_1_285' title='bbox 1375 3057 1441 3146; x_wconf 79' lang='grc' dir='ltr'><strong><em>τὴν</em></strong></span> <span class='ocrx_word' id='word_1_286' title='bbox 1462 3055 1614 3140; x_wconf 82' lang='grc' dir='ltr'><strong><em>άσίβειαν</em></strong></span> 
     </span>
     <span class='ocr_line' id='line_1_28' title="bbox 304 3153 1702 3247; baseline 0 -19"><span class='ocrx_word' id='word_1_287' title='bbox 304 3153 584 3246; x_wconf 84' lang='grc' dir='ltr'><strong><em>ἐπιστρεφόμενοι</em></strong></span> <span class='ocrx_word' id='word_1_288' title='bbox 615 3155 874 3247; x_wconf 85' lang='grc' dir='ltr'><strong><em>σκληροκάρδιοί</em></strong></span> <span class='ocrx_word' id='word_1_289' title='bbox 904 3187 941 3228; x_wconf 93' lang='grc' dir='ltr'><strong><em>τε</em></strong></span> <span class='ocrx_word' id='word_1_290' title='bbox 971 3163 1028 3228; x_wconf 83' lang='grc' dir='ltr'><strong><em>καὶ</em></strong></span> <span class='ocrx_word' id='word_1_291' title='bbox 1054 3153 1191 3247; x_wconf 81' lang='grc' dir='ltr'><strong><em>η’λίθιοι.</em></strong></span> <span class='ocrx_word' id='word_1_292' title='bbox 1235 3157 1363 3241; x_wconf 82' lang='grc' dir='ltr'><strong><em>ταύτας</em></strong></span> <span class='ocrx_word' id='word_1_293' title='bbox 1389 3162 1464 3229; x_wconf 81' lang='grc' dir='ltr'><strong><em>οἴου</em></strong></span> <span class='ocrx_word' id='word_1_294' title='bbox 1484 3153 1611 3228; x_wconf 89' lang='grc' dir='ltr'><strong><em>θεόθεν</em></strong></span> <span class='ocrx_word' id='word_1_295' title='bbox 1630 3163 1702 3228; x_wconf 74' lang='lat' dir='ltr'><strong><em>10¹1,l</em></strong></span> 
     </span>
     <span class='ocr_line' id='line_1_29' title="bbox 304 3254 1612 3346; baseline -0.002 -20"><span class='ocrx_word' id='word_1_296' title='bbox 304 3260 518 3345; x_wconf 83' lang='grc' dir='ltr'><strong><em>ἐπιλέγεσθαί</em></strong></span> <span class='ocrx_word' id='word_1_297' title='bbox 548 3283 601 3330; x_wconf 90' lang='grc' dir='ltr'><strong><em>σοι</em></strong></span> <span class='ocrx_word' id='word_1_298' title='bbox 623 3257 685 3340; x_wconf 82' lang='grc' dir='ltr'><strong><em>τὰς</em></strong></span> <span class='ocrx_word' id='word_1_299' title='bbox 708 3254 838 3345; x_wconf 89' lang='grc' dir='ltr'><strong><em>φωνάς·</em></strong></span> <span class='ocrx_word' id='word_1_300' title='bbox 881 3256 925 3346; x_wconf 84' lang='grc' dir='ltr'><strong><em>μὴ</em></strong></span> <span class='ocrx_word' id='word_1_301' title='bbox 948 3257 1011 3345; x_wconf 82' lang='grc' dir='ltr'><strong><em>γὰρ</em></strong></span> <span class='ocrx_word' id='word_1_302' title='bbox 1039 3261 1114 3330; x_wconf 83' lang='grc' dir='ltr'><strong><em>σίου</em></strong></span> <span class='ocrx_word' id='word_1_303' title='bbox 1135 3265 1254 3340; x_wconf 85' lang='grc' dir='ltr'><strong><em>λίθους</em></strong></span> <span class='ocrx_word' id='word_1_304' title='bbox 1275 3263 1337 3346; x_wconf 80' lang='grc' dir='ltr'><strong><em>μὲν</em></strong></span> <span class='ocrx_word' id='word_1_305' title='bbox 1358 3259 1443 3328; x_wconf 80' lang='grc' dir='ltr'><strong><em>εἶναι</em></strong></span> <span class='ocrx_word' id='word_1_306' title='bbox 1464 3255 1537 3344; x_wconf 77' lang='grc' dir='ltr'><strong><em>ἱερά</em></strong></span> <span class='ocrx_word' id='word_1_307' title='bbox 1558 3262 1612 3325; x_wconf 86' lang='grc' dir='ltr'><strong><em>καὶ</em></strong></span> 
     </span>
     <span class='ocr_line' id='line_1_30' title="bbox 304 3349 1613 3447; baseline -0.001 -21"><span class='ocrx_word' id='word_1_308' title='bbox 304 3356 385 3442; x_wconf 74' lang='grc' dir='ltr'><strong><em>ξύλα</em></strong></span> <span class='ocrx_word' id='word_1_309' title='bbox 415 3363 471 3427; x_wconf 81' lang='grc' dir='ltr'><strong><em>καί</em></strong></span> <span class='ocrx_word' id='word_1_310' title='bbox 503 3349 605 3445; x_wconf 87' lang='grc' dir='ltr'><strong><em>όρνεα</em></strong></span> <span class='ocrx_word' id='word_1_311' title='bbox 636 3363 692 3427; x_wconf 83' lang='grc' dir='ltr'><strong><em>καὶ</em></strong></span> <span class='ocrx_word' id='word_1_312' title='bbox 715 3351 818 3445; x_wconf 86' lang='grc' dir='ltr'><strong><em>ὄφεις,</em></strong></span> <span class='ocrx_word' id='word_1_313' title='bbox 849 3353 1058 3444; x_wconf 78' lang='grc' dir='ltr'><strong><em>ἀνθρώπους</em></strong></span> <span class='ocrx_word' id='word_1_314' title='bbox 1079 3361 1116 3426; x_wconf 81' lang='grc' dir='ltr'><strong><em>δὲ</em></strong></span> <span class='ocrx_word' id='word_1_315' title='bbox 1137 3353 1195 3447; x_wconf 86' lang='grc' dir='ltr'><strong><em>μή·</em></strong></span> <span class='ocrx_word' id='word_1_316' title='bbox 1238 3357 1329 3429; x_wconf 82' lang='grc' dir='ltr'><strong><em>πολὺ</em></strong></span> <span class='ocrx_word' id='word_1_317' title='bbox 1352 3361 1386 3428; x_wconf 88' lang='grc' dir='ltr'><strong><em>δέ</em></strong></span> <span class='ocrx_word' id='word_1_318' title='bbox 1408 3353 1613 3429; x_wconf 88' lang='grc' dir='ltr'><strong><em>τοῦναντίον</em></strong></span> 
     </span>
    </p>

    <p class='ocr_par' dir='ltr' id='par_1_8' title="bbox 252 3449 1645 3942">
     <span class='ocr_line' id='line_1_31' title="bbox 252 3449 1612 3546; baseline -0.004 -18"><span class='ocrx_word' id='word_1_319' title='bbox 252 3473 285 3528; x_wconf 87' lang='grc'><strong><em>30</em></strong></span> <span class='ocrx_word' id='word_1_320' title='bbox 303 3457 413 3545; x_wconf 86' lang='grc' dir='ltr'><strong><em>ίεροὺς</em></strong></span> <span class='ocrx_word' id='word_1_321' title='bbox 443 3461 504 3544; x_wconf 74' lang='grc' dir='ltr'><strong><em>μὲν</em></strong></span> <span class='ocrx_word' id='word_1_322' title='bbox 528 3449 639 3538; x_wconf 90' lang='grc' dir='ltr'><strong><em>όντως</em></strong></span> <span class='ocrx_word' id='word_1_323' title='bbox 668 3457 749 3538; x_wconf 87' lang='grc' dir='ltr'><strong><em>τοῦς</em></strong></span> <span class='ocrx_word' id='word_1_324' title='bbox 780 3454 991 3544; x_wconf 74' lang='grc' dir='ltr'><strong><em>ἀνθρώπους</em></strong></span> <span class='ocrx_word' id='word_1_325' title='bbox 1021 3451 1253 3544; x_wconf 81' lang='grc' dir='ltr'><strong><em>ὑπολάμβανε,</em></strong></span> <span class='ocrx_word' id='word_1_326' title='bbox 1285 3455 1327 3528; x_wconf 85' lang='grc' dir='ltr'><strong><em>τδι</em></strong></span> <span class='ocrx_word' id='word_1_327' title='bbox 1358 3461 1394 3526; x_wconf 81' lang='grc' dir='ltr'><strong><em>δέ</em></strong></span> <span class='ocrx_word' id='word_1_328' title='bbox 1424 3463 1529 3546; x_wconf 88' lang='grc' dir='ltr'><strong><em>θηρία</em></strong></span> <span class='ocrx_word' id='word_1_329' title='bbox 1559 3461 1612 3525; x_wconf 86' lang='grc' dir='ltr'><strong><em>καὶ</em></strong></span> 
     </span>
     <span class='ocr_line' id='line_1_32' title="bbox 306 3547 1645 3646; baseline -0.001 -22"><span class='ocrx_word' id='word_1_330' title='bbox 306 3555 386 3636; x_wconf 80' lang='grc' dir='ltr'><strong><em>τοὺς</em></strong></span> <span class='ocrx_word' id='word_1_331' title='bbox 416 3563 535 3636; x_wconf 89' lang='grc' dir='ltr'><strong><em>λίθους</em></strong></span> <span class='ocrx_word' id='word_1_332' title='bbox 566 3547 650 3644; x_wconf 85' lang='grc' dir='ltr'><strong><em>όπερ</em></strong></span> <span class='ocrx_word' id='word_1_333' title='bbox 682 3561 772 3627; x_wconf 91' lang='grc' dir='ltr'><strong><em>είσίν.</em></strong></span> <span class='ocrx_word' id='word_1_334' title='bbox 816 3560 848 3628; x_wconf 86' lang='grc' dir='ltr'><strong><em>σί</em></strong></span> <span class='ocrx_word' id='word_1_335' title='bbox 879 3554 941 3646; x_wconf 89' lang='grc' dir='ltr'><strong><em>γάρ</em></strong></span> <span class='ocrx_word' id='word_1_336' title='bbox 973 3584 1027 3626; x_wconf 91' lang='grc' dir='ltr'><strong><em>τοι</em></strong></span> <span class='ocrx_word' id='word_1_337' title='bbox 1058 3561 1196 3626; x_wconf 89' lang='grc' dir='ltr'><strong><em>δείλαιοι</em></strong></span> <span class='ocrx_word' id='word_1_338' title='bbox 1227 3563 1301 3627; x_wconf 86' lang='grc' dir='ltr'><strong><em>τών</em></strong></span> <span class='ocrx_word' id='word_1_339' title='bbox 1332 3554 1533 3644; x_wconf 78' lang='grc' dir='ltr'><strong><em>ἀνθρώπων</em></strong></span> <span class='ocrx_word' id='word_1_340' title='bbox 1558 3561 1645 3624; x_wconf 68' lang='grc' dir='ltr'><strong><em>καλὶ)</em></strong></span> 
     </span>
     <span class='ocr_line' id='line_1_33' title="bbox 303 3651 1613 3744; baseline -0.002 -20"><span class='ocrx_word' id='word_1_341' title='bbox 303 3655 418 3726; x_wconf 78' lang='grc' dir='ltr'><strong><em>ἄθλιοι</em></strong></span> <span class='ocrx_word' id='word_1_342' title='bbox 434 3655 488 3726; x_wconf 83' lang='grc' dir='ltr'><strong><em>διὰ</em></strong></span> <span class='ocrx_word' id='word_1_343' title='bbox 503 3659 564 3744; x_wconf 78' lang='grc' dir='ltr'><strong><em>μὲν</em></strong></span> <span class='ocrx_word' id='word_1_344' title='bbox 578 3651 725 3743; x_wconf 89' lang='grc' dir='ltr'><strong><em>κόρακος</em></strong></span> <span class='ocrx_word' id='word_1_345' title='bbox 739 3665 795 3727; x_wconf 89' lang='grc' dir='ltr'><strong><em>καὶ</em></strong></span> <span class='ocrx_word' id='word_1_346' title='bbox 810 3661 949 3728; x_wconf 88' lang='grc' dir='ltr'><strong><em>κολοιοῦ</em></strong></span> <span class='ocrx_word' id='word_1_347' title='bbox 968 3662 1139 3744; x_wconf 76' lang='grc' dir='ltr'><strong><em>νομίζουσι</em></strong></span> <span class='ocrx_word' id='word_1_348' title='bbox 1153 3652 1218 3726; x_wconf 89' lang='grc' dir='ltr'><strong><em>τόν</em></strong></span> <span class='ocrx_word' id='word_1_349' title='bbox 1240 3655 1324 3728; x_wconf 90' lang='grc' dir='ltr'><strong><em>θεόν</em></strong></span> <span class='ocrx_word' id='word_1_350' title='bbox 1346 3660 1479 3742; x_wconf 80' lang='grc' dir='ltr'><strong><em>ἐμβοᾶν,</em></strong></span> <span class='ocrx_word' id='word_1_351' title='bbox 1502 3654 1556 3726; x_wconf 85' lang='grc' dir='ltr'><strong><em>διά</em></strong></span> <span class='ocrx_word' id='word_1_352' title='bbox 1579 3659 1613 3723; x_wconf 86' lang='grc' dir='ltr'><strong><em>δε</em></strong></span> 
     </span>
     <span class='ocr_line' id='line_1_34' title="bbox 304 3751 1612 3844; baseline 0 -19"><span class='ocrx_word' id='word_1_353' title='bbox 304 3751 494 3842; x_wconf 90' lang='grc' dir='ltr'><strong><em>άνθρώπου</em></strong></span> <span class='ocrx_word' id='word_1_354' title='bbox 516 3760 657 3840; x_wconf 82' lang='grc' dir='ltr'><strong><em>σιωπᾶν,</em></strong></span> <span class='ocrx_word' id='word_1_355' title='bbox 679 3765 736 3827; x_wconf 85' lang='grc' dir='ltr'><strong><em>καὶ</em></strong></span> <span class='ocrx_word' id='word_1_356' title='bbox 758 3754 822 3828; x_wconf 87' lang='grc' dir='ltr'><strong><em>τόν</em></strong></span> <span class='ocrx_word' id='word_1_357' title='bbox 841 3761 902 3843; x_wconf 80' lang='grc' dir='ltr'><strong><em>μὲν</em></strong></span> <span class='ocrx_word' id='word_1_358' title='bbox 920 3752 1048 3844; x_wconf 90' lang='grc' dir='ltr'><strong><em>κόρακα</em></strong></span> <span class='ocrx_word' id='word_1_359' title='bbox 1065 3752 1283 3843; x_wconf 85' lang='grc' dir='ltr'><strong><em>τετιμήκασιν</em></strong></span> <span class='ocrx_word' id='word_1_360' title='bbox 1298 3752 1346 3837; x_wconf 88' lang='grc' dir='ltr'><strong><em>ώς</em></strong></span> <span class='ocrx_word' id='word_1_361' title='bbox 1362 3755 1505 3844; x_wconf 84' lang='grc' dir='ltr'><strong><em>ἄγγελον</em></strong></span> <span class='ocrx_word' id='word_1_362' title='bbox 1521 3759 1612 3826; x_wconf 89' lang='grc' dir='ltr'><strong><em>θεοῦ.</em></strong></span> 
     </span>
     <span class='ocr_line' id='line_1_35' title="bbox 304 3849 1611 3942; baseline 0.003 -19"><span class='ocrx_word' id='word_1_363' title='bbox 304 3851 367 3924; x_wconf 89' lang='grc' dir='ltr'><strong><em>τόν</em></strong></span> <span class='ocrx_word' id='word_1_364' title='bbox 389 3860 424 3925; x_wconf 83' lang='grc' dir='ltr'><strong><em>δὲ</em></strong></span> <span class='ocrx_word' id='word_1_365' title='bbox 446 3853 638 3940; x_wconf 82' lang='grc' dir='ltr'><strong><em>ἄνθρωπον</em></strong></span> <span class='ocrx_word' id='word_1_366' title='bbox 660 3863 724 3928; x_wconf 90' lang='grc' dir='ltr'><strong><em>τοῦ</em></strong></span> <span class='ocrx_word' id='word_1_367' title='bbox 745 3863 831 3928; x_wconf 89' lang='grc' dir='ltr'><strong><em>θεοῦ</em></strong></span> <span class='ocrx_word' id='word_1_368' title='bbox 853 3855 1043 3939; x_wconf 81' lang='grc' dir='ltr'><strong><em>διώκουσιν,</em></strong></span> <span class='ocrx_word' id='word_1_369' title='bbox 1078 3849 1119 3925; x_wconf 86' lang='grc' dir='ltr'><strong><em>οῦ</em></strong></span> <span class='ocrx_word' id='word_1_370' title='bbox 1139 3852 1330 3942; x_wconf 78' lang='grc' dir='ltr'><strong><em>κρώζοντα,</em></strong></span> <span class='ocrx_word' id='word_1_371' title='bbox 1363 3851 1403 3926; x_wconf 84' lang='grc' dir='ltr'><strong><em>οὑ</em></strong></span> <span class='ocrx_word' id='word_1_372' title='bbox 1424 3855 1611 3942; x_wconf 75' lang='grc' dir='ltr'><strong><em>κλώςοντα,</em></strong></span> 
     </span>
    </p>
   </div>
   <div class='ocr_carea' id='block_1_3' title="bbox 306 4075 1609 4232">
    <p class='ocr_par' dir='ltr' id='par_1_9' title="bbox 306 4075 1609 4232">
     <span class='ocr_line' id='line_1_36' title="bbox 390 4075 1609 4148; baseline -0.002 -15"><span class='ocrx_word' id='word_1_373' title='bbox 390 4078 429 4133; x_wconf 79' lang='grc' dir='ltr'>Η</span> <span class='ocrx_word' id='word_1_374' title='bbox 444 4078 498 4147; x_wconf 82' lang='lat' dir='ltr'>ng</span> <span class='ocrx_word' id='word_1_375' title='bbox 516 4077 676 4148; x_wconf 65' lang='grc' dir='ltr'><strong><em>[Βοιωτία]</em></strong></span> <span class='ocrx_word' id='word_1_376' title='bbox 689 4077 792 4134; x_wconf 75' lang='lat' dir='ltr'><strong>Contra</strong></span> <span class='ocrx_word' id='word_1_377' title='bbox 800 4079 872 4133; x_wconf 88' lang='lat' dir='ltr'>Phil.</span> <span class='ocrx_word' id='word_1_378' title='bbox 884 4079 922 4132; x_wconf 89' lang='lat' dir='ltr'><strong><em>IV</em></strong></span> <span class='ocrx_word' id='word_1_379' title='bbox 935 4080 951 4134; x_wconf 85' lang='grc'><strong>6</strong></span> <span class='ocrx_word' id='word_1_380' title='bbox 968 4107 1001 4116; x_wconf 95' lang='lat'>—</span> <span class='ocrx_word' id='word_1_381' title='bbox 1020 4075 1084 4132; x_wconf 80' lang='lat' dir='ltr'><strong><em>llt</em></strong></span> <span class='ocrx_word' id='word_1_382' title='bbox 1099 4075 1201 4132; x_wconf 82' lang='lat' dir='ltr'>Hesiod</span> <span class='ocrx_word' id='word_1_383' title='bbox 1214 4077 1262 4147; x_wconf 90' lang='lat' dir='ltr'><strong><em>Op.</em></strong></span> <span class='ocrx_word' id='word_1_384' title='bbox 1276 4075 1356 4142; x_wconf 61' lang='lat' dir='ltr'><strong><em>252st</em></strong></span> <span class='ocrx_word' id='word_1_385' title='bbox 1373 4077 1430 4148; x_wconf 80' lang='lat' dir='ltr'>vgl.</span> <span class='ocrx_word' id='word_1_386' title='bbox 1444 4078 1531 4134; x_wconf 77' lang='lat' dir='ltr'>Protr.</span> <span class='ocrx_word' id='word_1_387' title='bbox 1544 4081 1584 4144; x_wconf 75' lang='lat'><strong><em>41,</em></strong></span> <span class='ocrx_word' id='word_1_388' title='bbox 1598 4079 1609 4130; x_wconf 90' lang='lat'>1</span> 
     </span>
     <span class='ocr_line' id='line_1_37' title="bbox 306 4161 1202 4232; baseline 0 -16"><span class='ocrx_word' id='word_1_389' title='bbox 306 4162 367 4217; x_wconf 73' lang='lat'><strong><em>151</em></strong></span> <span class='ocrx_word' id='word_1_390' title='bbox 382 4161 453 4216; x_wconf 77' lang='lat' dir='ltr'>Psal.</span> <span class='ocrx_word' id='word_1_391' title='bbox 471 4163 512 4226; x_wconf 82' lang='lat'><strong><em>23,</em></strong></span> <span class='ocrx_word' id='word_1_392' title='bbox 532 4165 545 4215; x_wconf 92' lang='lat'>1</span> <span class='ocrx_word' id='word_1_393' title='bbox 565 4164 587 4229; x_wconf 92' lang='grc' dir='ltr'><strong><em>(Ι</em></strong></span> <span class='ocrx_word' id='word_1_394' title='bbox 605 4163 669 4220; x_wconf 85' lang='lat' dir='ltr'>Kor.</span> <span class='ocrx_word' id='word_1_395' title='bbox 687 4164 728 4228; x_wconf 91' lang='grc'><strong><em>10,</em></strong></span> <span class='ocrx_word' id='word_1_396' title='bbox 747 4165 791 4232; x_wconf 88' lang='grc'><strong><em>26)</em></strong></span> <span class='ocrx_word' id='word_1_397' title='bbox 809 4193 841 4202; x_wconf 91' lang='grc'><strong>-</strong></span> <span class='ocrx_word' id='word_1_398' title='bbox 861 4162 935 4218; x_wconf 76' lang='lat'><strong><em>2411</em></strong></span> <span class='ocrx_word' id='word_1_399' title='bbox 950 4161 1004 4232; x_wconf 85' lang='lat' dir='ltr'><strong>vgl.</strong></span> <span class='ocrx_word' id='word_1_400' title='bbox 1024 4161 1091 4216; x_wconf 81' lang='lat' dir='ltr'><strong>Gen.</strong></span> <span class='ocrx_word' id='word_1_401' title='bbox 1110 4162 1150 4226; x_wconf 87' lang='lat'><strong><em>19,</em></strong></span> <span class='ocrx_word' id='word_1_402' title='bbox 1169 4163 1202 4216; x_wconf 79' lang='lat'><strong><em>26</em></strong></span> 
     </span>
    </p>
   </div>
   <div class='ocr_carea' id='block_1_4' title="bbox 301 4343 1612 4674">
    <p class='ocr_par' dir='ltr' id='par_1_10' title="bbox 301 4343 1612 4674">
     <span class='ocr_line' id='line_1_38' title="bbox 390 4343 1610 4418; baseline -0.002 -16"><span class='ocrx_word' id='word_1_403' title='bbox 390 4347 405 4402; x_wconf 95' lang='lat'>1</span> <span class='ocrx_word' id='word_1_404' title='bbox 424 4348 470 4403; x_wconf 87' lang='grc' dir='ltr'><strong><em>δαί</em></strong></span> <span class='ocrx_word' id='word_1_405' title='bbox 488 4347 510 4401; x_wconf 91' lang='grc' dir='ltr'>Ρ</span> <span class='ocrx_word' id='word_1_406' title='bbox 526 4349 530 4415; x_wconf 76' lang='grc' dir='ltr'><strong><em>ί</em></strong></span> <span class='ocrx_word' id='word_1_407' title='bbox 546 4347 720 4416; x_wconf 82' lang='grc' dir='ltr'><strong><em>διαίοσοντες</em></strong></span> <span class='ocrx_word' id='word_1_408' title='bbox 738 4349 780 4418; x_wconf 92' lang='grc' dir='ltr'><strong><em>ΡΙ</em></strong></span> <span class='ocrx_word' id='word_1_409' title='bbox 804 4349 823 4405; x_wconf 88' lang='grc'>8</span> <span class='ocrx_word' id='word_1_410' title='bbox 841 4343 953 4404; x_wconf 82' lang='grc' dir='ltr'><strong><em>ἐοίκατε</em></strong></span> <span class='ocrx_word' id='word_1_411' title='bbox 972 4343 1000 4402; x_wconf 91' lang='grc' dir='ltr'><strong><em>οί</em></strong></span> <span class='ocrx_word' id='word_1_412' title='bbox 1018 4347 1097 4402; x_wconf 84' lang='lat' dir='ltr'><strong>Schw</strong></span> <span class='ocrx_word' id='word_1_413' title='bbox 1115 4343 1242 4402; x_wconf 78' lang='grc' dir='ltr'><strong><em>ἐοίκασιν</em></strong></span> <span class='ocrx_word' id='word_1_414' title='bbox 1259 4347 1301 4414; x_wconf 87' lang='grc' dir='ltr'><strong><em>ΡΙ</em></strong></span> <span class='ocrx_word' id='word_1_415' title='bbox 1327 4346 1362 4402; x_wconf 92' lang='lat' dir='ltr'><strong><em>ll</em></strong></span> <span class='ocrx_word' id='word_1_416' title='bbox 1384 4344 1548 4403; x_wconf 86' lang='grc' dir='ltr'><strong><em>ἱνδάλλεσθε</em></strong></span> <span class='ocrx_word' id='word_1_417' title='bbox 1567 4347 1588 4400; x_wconf 90' lang='grc' dir='ltr'>Ρ</span> <span class='ocrx_word' id='word_1_418' title='bbox 1608 4351 1610 4412; x_wconf 75' lang='grc' dir='ltr'><strong><em>ί</em></strong></span> 
     </span>
     <span class='ocr_line' id='line_1_39' title="bbox 301 4423 1612 4506; baseline -0.002 -20"><span class='ocrx_word' id='word_1_419' title='bbox 301 4432 363 4501; x_wconf 88' lang='grc' dir='ltr'><strong><em>τρίς</em></strong></span> <span class='ocrx_word' id='word_1_420' title='bbox 382 4431 445 4486; x_wconf 79' lang='lat' dir='ltr'>Hes.</span> <span class='ocrx_word' id='word_1_421' title='bbox 463 4439 539 4503; x_wconf 87' lang='grc' dir='ltr'><strong><em>τρεῖς</em></strong></span> <span class='ocrx_word' id='word_1_422' title='bbox 557 4433 578 4485; x_wconf 90' lang='grc' dir='ltr'>Ρ</span> <span class='ocrx_word' id='word_1_423' title='bbox 596 4435 599 4501; x_wconf 71' lang='grc' dir='ltr'><strong><em>ί</em></strong></span> <span class='ocrx_word' id='word_1_424' title='bbox 616 4433 655 4490; x_wconf 84' lang='grc' dir='ltr'><strong><em>Ῑθ</em></strong></span> <span class='ocrx_word' id='word_1_425' title='bbox 673 4440 794 4506; x_wconf 87' lang='grc' dir='ltr'><strong><em>τροφεῖα</em></strong></span> <span class='ocrx_word' id='word_1_426' title='bbox 812 4433 847 4485; x_wconf 83' lang='lat' dir='ltr'><strong><em>P²</em></strong></span> <span class='ocrx_word' id='word_1_427' title='bbox 860 4432 963 4505; x_wconf 86' lang='grc' dir='ltr'><strong><em>τροφία</em></strong></span> <span class='ocrx_word' id='word_1_428' title='bbox 976 4433 1014 4486; x_wconf 84' lang='grc' dir='ltr'><strong><em>Ρ*</em></strong></span> <span class='ocrx_word' id='word_1_429' title='bbox 1030 4434 1035 4499; x_wconf 92' lang='grc'>1</span> <span class='ocrx_word' id='word_1_430' title='bbox 1051 4433 1090 4488; x_wconf 75' lang='lat'><strong><em>22</em></strong></span> <span class='ocrx_word' id='word_1_431' title='bbox 1104 4429 1183 4502; x_wconf 76' lang='grc' dir='ltr'><strong><em>οδγη</em></strong></span> <span class='ocrx_word' id='word_1_432' title='bbox 1204 4433 1224 4485; x_wconf 90' lang='grc' dir='ltr'>Ρ</span> <span class='ocrx_word' id='word_1_433' title='bbox 1250 4435 1254 4500; x_wconf 81' lang='grc'>1</span> <span class='ocrx_word' id='word_1_434' title='bbox 1279 4431 1318 4487; x_wconf 74' lang='lat'><strong><em>24</em></strong></span> <span class='ocrx_word' id='word_1_435' title='bbox 1337 4423 1470 4504; x_wconf 83' lang='grc' dir='ltr'><strong><em>Ἐβραίου</em></strong></span> <span class='ocrx_word' id='word_1_436' title='bbox 1481 4461 1514 4470; x_wconf 94' lang='grc'><strong>-</strong></span> <span class='ocrx_word' id='word_1_437' title='bbox 1527 4428 1612 4486; x_wconf 81' lang='grc' dir='ltr'><strong><em>αὑτὸν</em></strong></span> 
     </span>
     <span class='ocr_line' id='line_1_40' title="bbox 303 4510 1610 4589; baseline -0.002 -20"><span class='ocrx_word' id='word_1_438' title='bbox 303 4515 451 4570; x_wconf 77' lang='lat' dir='ltr'><strong>Markland</strong></span> <span class='ocrx_word' id='word_1_439' title='bbox 475 4519 479 4584; x_wconf 91' lang='grc' dir='ltr'>Ι</span> <span class='ocrx_word' id='word_1_440' title='bbox 514 4519 553 4572; x_wconf 75' lang='lat' dir='ltr'><strong><em>2ss</em></strong></span> <span class='ocrx_word' id='word_1_441' title='bbox 580 4515 627 4587; x_wconf 80' lang='grc' dir='ltr'><strong><em>[οί]</em></strong></span> <span class='ocrx_word' id='word_1_442' title='bbox 645 4517 719 4586; x_wconf 85' lang='grc' dir='ltr'><strong><em>πρὸς</em></strong></span> <span class='ocrx_word' id='word_1_443' title='bbox 736 4519 827 4586; x_wconf 81' lang='grc' dir='ltr'><strong><em>Ηεγεε</em></strong></span> <span class='ocrx_word' id='word_1_444' title='bbox 851 4521 855 4584; x_wconf 77' lang='grc' dir='ltr'><strong><em>ί</em></strong></span> <span class='ocrx_word' id='word_1_445' title='bbox 878 4519 917 4572; x_wconf 84' lang='grc' dir='ltr'><strong><em>θθ</em></strong></span> <span class='ocrx_word' id='word_1_446' title='bbox 944 4511 1130 4589; x_wconf 84' lang='grc' dir='ltr'><strong><em>ὑπολάμβανε</em></strong></span> <span class='ocrx_word' id='word_1_447' title='bbox 1156 4516 1305 4571; x_wconf 69' lang='lat' dir='ltr'><strong>Markland</strong></span> <span class='ocrx_word' id='word_1_448' title='bbox 1327 4510 1548 4587; x_wconf 76' lang='grc' dir='ltr'><strong><em>ὑπολαμβάνετε</em></strong></span> <span class='ocrx_word' id='word_1_449' title='bbox 1566 4514 1610 4582; x_wconf 64' lang='lat' dir='ltr'><strong><em>P!</em></strong></span> 
     </span>
     <span class='ocr_line' id='line_1_41' title="bbox 303 4589 1295 4674; baseline -0.001 -19"><span class='ocrx_word' id='word_1_450' title='bbox 303 4600 340 4655; x_wconf 72' lang='lat'><strong><em>31</em></strong></span> <span class='ocrx_word' id='word_1_451' title='bbox 361 4589 488 4671; x_wconf 74' lang='grc' dir='ltr'><strong><em>ὑπερΜ2</em></strong></span> <span class='ocrx_word' id='word_1_452' title='bbox 506 4596 587 4674; x_wconf 86' lang='grc' dir='ltr'><strong><em>δίπερ</em></strong></span> <span class='ocrx_word' id='word_1_453' title='bbox 601 4603 669 4655; x_wconf 80' lang='grc' dir='ltr'><strong><em>ΡΜ*</em></strong></span> <span class='ocrx_word' id='word_1_454' title='bbox 685 4605 688 4669; x_wconf 93' lang='grc' dir='ltr'>Ι</span> <span class='ocrx_word' id='word_1_455' title='bbox 704 4603 744 4658; x_wconf 82' lang='grc' dir='ltr'><strong><em>θθ</em></strong></span> <span class='ocrx_word' id='word_1_456' title='bbox 762 4599 920 4674; x_wconf 79' lang='grc' dir='ltr'><strong><em>ἀνθρώπου</em></strong></span> <span class='ocrx_word' id='word_1_457' title='bbox 933 4601 1013 4654; x_wconf 80' lang='lat' dir='ltr'><strong>P*M²</strong></span> <span class='ocrx_word' id='word_1_458' title='bbox 1030 4597 1203 4674; x_wconf 84' lang='grc' dir='ltr'><strong><em>ἀνθρώπους</em></strong></span> <span class='ocrx_word' id='word_1_459' title='bbox 1215 4601 1295 4655; x_wconf 82' lang='lat' dir='ltr'>P1M*</span> 
     </span>
    </p>
   </div>
   <div class='ocr_carea' id='block_1_5' title="bbox 0 0 1765 5498">
    <p class='ocr_par' dir='ltr' id='par_1_11' title="bbox 0 0 1765 5498">
     <span class='ocr_line' id='line_1_42' title="bbox 0 0 1765 5498; baseline 0 0"><span class='ocrx_word' id='word_1_460' title='bbox 0 0 1765 5498; x_wconf 95' lang='lat' dir='ltr'><strong><em> </em></strong></span> 
     </span>
    </p>
   </div>
  </div>
 </body>
</html>
