3520 5498
304 375 360 438 128
890 367 1025 424 Clemens.

300 529 429 620 κύριος,
462 525 632 620 ὀργίζεται
658 539 714 601 καί
741 528 893 618 κολάζει;
924 528 1108 620 άναγκαῑον
1136 524 1199 602 σύν
1224 538 1281 603 καί
1307 539 1383 619 περὶ
1412 530 1541 603 τούτου
1571 531 1616 615 ῶς

300 628 376 703 οἶόν
406 659 444 702 τε
475 630 531 702 διὸ
558 627 783 720 βραχυτάτων
810 634 1018 718 ἐπεξελθεῖν·
1048 634 1120 700 ἐπεὶ
1148 628 1325 721 λυσιτελής
1354 660 1432 714 πως
1461 628 1482 720 ἦ
1505 629 1618 704 τοιάδε

299 736 476 821 οἰκονομία
507 728 593 820 πρὸς
622 729 688 819 τὴν
710 724 821 820 όρθην
842 739 917 804 τῶν
939 736 1074 804 παίδων
1095 727 1247 821 άγωγὴν,
1278 727 1469 821 ἇναγκαίου
1488 729 1616 822 βοηθή-

297 857 404 918 ματος
435 835 557 920 έχουσα
587 827 695 916 τάξιν.
738 829 964 919 θεραπεύεται
995 836 1032 902 δέ
1060 829 1175 903 πολλὰ
1209 838 1284 902 τῶν
1313 838 1444 904 παθῶν
1470 841 1645 924 τιμωρίᾳ-ί

262 937 353 1006 σκαλ
385 927 569 1020 προστάξει
601 926 862 1019 αὐστηροτέραν
892 927 1186 1021 παραγγελμάτων
1216 935 1272 1002 καί
1307 930 1349 1020 δὴ
1379 937 1436 1002 καὶ
1466 930 1522 1003 διὸ
1557 939 1615 1021 τῆς

297 1035 401 1101 ἐνίων
429 1026 666 1119 θεωρημάτων
697 1034 918 1114 διδασκαλίας.
962 1032 1035 1103 ἐστι
1058 1035 1095 1102 δέ
1117 1034 1223 1103 οἰονελ
1243 1036 1435 1120 χειρουργία
1457 1039 1534 1103 τῶν
1556 1038 1615 1121 τῆς

296 1134 405 1218 ψυχῆς
436 1135 565 1200 παθῶν
596 1123 615 1198 ὸ
647 1130 797 1218 ἔλεγχος,
829 1126 1017 1213 άπόστασις
1047 1136 1083 1202 δέ
1115 1129 1158 1202 τὰ
1184 1126 1282 1220 πάθη
1309 1135 1372 1218 τῆς
1394 1126 1614 1220 άληθείας,ἃ

294 1227 357 1318 χρὴ
374 1235 553 1317 διελέγχειν
573 1233 576 1315 ί
596 1234 795 1317 διαιροῦντα
814 1237 857 1318 τῇ
872 1238 969 1320 τομῇ.
1003 1236 1191 1322 φαρμακείᾳ
1207 1235 1242 1301 δὲ
1260 1233 1369 1301 ἔοικεν
1385 1225 1405 1301 ὸ
1421 1225 1609 1319 ὀνειδισμὸς
1624 1235 1690 1292 lm
1709 1244 1715 1271 ··

296 1328 339 1401 τὸ
371 1333 591 1417 τετυλωμένα
612 1324 776 1401 άναλύων
805 1336 881 1400 τῶν
902 1337 1032 1402 παθῶν
1053 1337 1109 1400 καὶ
1130 1330 1173 1401 τὸ
1196 1329 1331 1419 ῥυπαρά
1354 1335 1418 1402 τοῦ
1439 1338 1527 1416 βίου,
1550 1331 1609 1416 τὸς

244 1447 277 1503 10
296 1436 459 1518 λαγνείας,
491 1425 750 1518 άνακαθαίρων,
781 1427 872 1518 πρὸς4
888 1433 924 1500 δὲ
956 1435 1011 1500 καὶ
1038 1428 1100 1512 τὸς
1121 1425 1390 1518 ύπερσαρκῶσεις
1412 1435 1477 1501 τοῦ
1499 1429 1609 1518 τύφου

294 1533 512 1619 ἐξομαλίζων,
535 1532 581 1612 εἰς
603 1528 668 1601 τὸν
690 1525 766 1618 ύγιῆ
788 1535 843 1599 καί
867 1525 1038 1619 άληθινὸν
1059 1524 1300 1616 άνασκευάζων
1320 1527 1385 1601 τὸν
1408 1529 1609 1618 ἄνθρωπον.

296 1625 315 1717 ἦ
339 1635 540 1718 νουθέτησις
564 1620 626 1700 οὖν
650 1632 755 1700 οἱονεὶ
782 1626 894 1700 δίαιτά
916 1635 988 1701 ἐστι
1011 1627 1176 1717 νοσούσης
1197 1635 1319 1720 φυχῆς,
1347 1621 1399 1701 ῶν
1426 1629 1489 1720 χρὴ
1510 1642 1636 1720 μετα-2

294 1726 477 1819 λαμβάνειν
499 1726 763 1818 συμβουλευτικίγ
785 1735 840 1799 καὶ
863 1721 915 1800 ῶν
937 1726 978 1800 ού
998 1728 1060 1819 χρὴ
1082 1724 1345 1818 ύπαγορευτικὴ·
1378 1728 1421 1800 τά
1442 1735 1478 1800 δέ
1492 1726 1606 1800 πάντα

294 1835 339 1912 εἰς
370 1837 543 1918 σωτηρίαν
576 1835 631 1900 καὶ
662 1825 774 1901 άίδιον
803 1823 920 1918 ύγείαν
954 1834 1119 1900 διατείνει.
1171 1823 1260 1900 άλλὸι
1285 1835 1340 1899 καλ
1367 1823 1386 1899 ὸ
1417 1829 1605 1919 στρατηγὸς

240 1947 276 2000 15
292 1924 477 2018 χρημάτων
500 1937 615 2018 ζημίας
637 1935 693 1998 καί
715 1927 777 2010 τὸς
799 1932 844 2011 εἰς
866 1924 953 1999 αὐτὸ
976 1927 1019 1999 τὰ
1041 1927 1182 2016 σῶματα
1204 1927 1382 2017 διηκούσας
1398 1933 1507 2012 αἰκίας
1521 1928 1603 2017 μετὰ

293 2034 426 2119 δεσμῶν
456 2036 512 2099 καὶ
541 2034 603 2116 της
633 2024 774 2117 ἐσχάτης
804 2025 937 2116 άτιμίας
963 2033 1171 2116 προσφέρων
1192 2044 1265 2110 τοῖς
1287 2023 1499 2116 ἠδικηκόσιν,
1531 2026 1600 2099 ἔσθ’

294 2121 351 2199 ὅτε
383 2134 418 2198 δὲ
448 2136 504 2198 καὶ
534 2125 679 2218 θανάτῳ
717 2124 876 2214 κολάζων
906 2125 1016 2213 τινάς,
1046 2133 1146 2209 τέλος
1177 2129 1242 2215 ἔχει
1272 2125 1313 2198 τὸ
1344 2122 1488 2217 άγαθὸν,
1518 2123 1602 2214 ύπὲρ

294 2234 474 2308 νουθεσίας
500 2233 575 2298 τῶν
602 2223 768 2316 ύπηκόων
800 2235 1012 2318 στρατηγῶν.
1055 2222 1221 2310 ῶσαύτως
1246 2234 1303 2297 καὶ
1332 2221 1474 2317 ὸμέγας
1506 2224 1631 2318 ἦμῶν3

293 2331 420 2408 ἐκεῖνος
457 2324 658 2415 στρατηγός,
696 2321 715 2398 ὸ
747 2334 821 2398 τῶν
852 2321 948 2399 ὸλων
977 2323 1114 2417 ἦγεμιὸν
1149 2323 1264 2416 λόγος,
1300 2326 1381 2410 τούς
1415 2324 1509 2414 παρὸ
1539 2326 1602 2400 τὸν

240 2443 274 2497 20
294 2421 401 2513 νόμον
423 2421 677 2514 ἀφηνιάζοντες
704 2425 769 2498 τὸν
795 2421 914 2512 αύτοῦ,
936 2423 1020 2516 ύπέρ
1043 2423 1239 2516 ἀπαλλαγῆς
1260 2432 1414 2509 δουλείας
1441 2434 1498 2498 καὶ
1519 2424 1602 2498 πλά-

294 2553 352 2613 νης
382 2532 437 2595 καλ
472 2531 534 2616 τῆς
569 2533 632 2597 τοῦ
668 2522 903 2614 ἀντικειμένου
938 2531 1164 2615 αἰχμαλωσίας
1199 2529 1246 2609 εἰς
1280 2525 1500 2616 καταστολὴν
1529 2534 1602 2598 τῶν

291 2631 352 2714 τῆς
375 2631 482 2713 ψυχῆς
505 2633 633 2697 παθῶν
655 2632 850 2710 νουθετῶν,
878 2629 931 2697 ἐπὶ
954 2624 1019 2715 τὴν
1041 2623 1133 2714 ἱερὸν
1157 2632 1219 2716 τῆς
1240 2633 1415 2710 πολιτείας
1438 2621 1602 2717 ὁμόνοιαν

291 2731 516 2815 εἰρηναγωγεί.

374 2823 541 2913 Καθάπερ
576 2818 639 2897 οὖν
675 2830 726 2914 τῷ
763 2832 1038 2916 συμβουλευτικῶν
1076 2822 1170 2915 λόγῳ
1207 2820 1410 2913 παράκειται
1445 2823 1488 2897 τὸ
1518 2855 1600 2915 προ·
1617 2837 1672 2901 66,1

241 2939 274 2994 25
292 2924 476 3014 τρεπτικὸν
507 2932 562 2995 καλ
588 2924 846 3015 παρακλητικὸν
873 2927 975 3010 εἶδος,
1007 2921 1100 2997 ούτω
1130 2931 1259 3014 καὶτῷ
1282 2927 1539 3014 ἐγκωμιαστικῷ
1561 2923 1601 2994 τὸ

292 3024 531 3115 λοιδορητικὸν
552 3033 607 3096 καὶ
630 3021 857 3097 ὀνειδιστικὸν
880 3031 945 3110 [καί
961 3020 1246 3115 ἐγκωμιαστικόνί
1277 3023 1317 3094 τὸ
1341 3027 1377 3093 δέ
1392 3024 1481 3106 εἰδος
1496 3029 1600 3096 τοῦτο

290 3132 392 3214 τέχνη
428 3130 499 3196 ἐστι
535 3122 694 3214 ψεκτικὴ,
730 3121 864 3207 εύνοίας
899 3130 936 3195 δέ
965 3123 1007 3196 τὸ
1038 3130 1168 3212 ψέγειν,
1205 3119 1246 3195 ού
1275 3130 1392 3211 μίσους
1425 3121 1602 3212 σύμβολον.

292 3225 394 3313 ἄμφω
430 3231 492 3314 μέν
527 3223 590 3313 γὰρ
622 3219 841 3311 όνειδίζετον,
878 3231 934 3294 καὶ
965 3219 984 3295 ὸ
1016 3233 1116 3312 φίλος
1147 3231 1203 3295 καὶ
1233 3217 1252 3294 ὸ
1283 3219 1343 3312 μή,
1379 3219 1459 3295 ἀλλ’
1490 3217 1510 3294 ὸ
1541 3229 1602 3309 μἐν

291 3322 412 3413 ἐχθρὸς
442 3327 625 3413 ἐπιγελῶν,
657 3319 733 3396 ὸδέ
761 3333 862 3411 φίλος
889 3321 1031 3396 εύνοῶν.
1074 3319 1136 3397 ούκ
1163 3323 1228 3411 α’ρα
1250 3321 1305 3394 διὸ
1326 3341 1422 3412 μῖσος
1446 3317 1466 3394 ὸ
1487 3321 1632 3410 κύριοςί

239 3439 273 3492 30
291 3442 363 3507 τοῖς
391 3419 592 3513 ἀνθρώποις
616 3429 834 3512 λοιδορεῖται,
863 3419 921 3506 σὸς
943 3429 997 3495 καὶ
1020 3421 1098 3509 ἐξὸν
1121 3419 1214 3512 αύτῷ
1238 3417 1404 3494 άπολέσαι
1427 3420 1519 3511 παρὸ
1541 3421 1601 3504 τὸς

290 3528 375 3606 ἰδίας
406 3525 527 3606 αἰτίας,
559 3517 578 3594 ὸ
610 3528 645 3594 δὲ
676 3519 760 3611 ύπὲρ
785 3520 885 3614 ἡμῶν
911 3532 967 3594 καὶ
994 3529 1185 3594 πέπονθεν·
1216 3520 1434 3612 παιδαγωγὸς
1456 3521 1520 3612 γὰρ
1543 3515 1601 3592 άτε

291 3621 422 3754 άγαθὸς
454 3627 621 3710 ἐντέχνως
655 3619 786 3710 σφόδρα
817 3627 872 3696 διὰ
901 3629 962 3712 τῆς
989 3629 1162 3711 λοιδορίας
1188 3617 1371 3692 ύποδύεται
1394 3619 1459 3692 τὸν
1480 3617 1600 3708 ψόγον,

292 3728 396 3795 οίονει
425 3720 560 3812 μάστιγι
590 3730 634 3810 τῇ
665 3731 859 3814 βλασφημίᾳ
889 3721 930 3794 τὸ
962 3719 1104 3810 νωθρὸν
1134 3727 1196 3810 τῆς
1226 3727 1379 3803 διανοίας
1407 3724 1600 3810 ἐπεγείρων

290 3820 396 3893 πάλιν
422 3852 460 3894 τε
487 3815 528 3892 αὖ
554 3826 592 3892 ἐν
613 3826 703 3910 μέρει
724 3829 932 3911 προτρέπειν
954 3825 1114 3910 ἐπιχειρεῖ
1138 3821 1220 3904 τούς
1240 3816 1371 3904 αύτούς.
1415 3816 1475 3902 σὸς
1496 3821 1560 3910 γὰρ
1582 3849 1599 3890 ο
1618 3832 1633 3885 3

239 3925 306 3989 35’'
291 3950 429 4005 επαινος
462 3918 502 3993 ού
532 3927 785 4010 προετρέψατο,
817 3920 963 4004 τούτους
994 3919 1198 4010 παρῶζυνεν
1224 3915 1243 3991 ὸ
1266 3915 1388 4008 ψόγος,
1419 3927 1476 3990 καὶ
1502 3913 1601 4003 ούςὸ

377 4143 441 4199 121
456 4143 512 4214 vgl.
531 4142 614 4198 Paed.
633 4142 749 4198 Issmit
765 4146 896 4200 Anm.—
915 4143 989 4198 3411
1003 4142 1059 4212 νηί.
1077 4139 1208 4213 Ηίμροίττ.
1226 4139 1381 4210 Aphorism.
1400 4140 1424 4206 8,
1442 4141 1459 4196 6

375 4326 393 4382 8
413 4327 572 4399 φαρμακίαι
591 4327 635 4381 Μ*
652 4329 656 4394 ί
672 4330 691 4384 θ
709 4326 761 4393 τὰς
778 4327 824 4382 wi
842 4333 891 4396 τῆς
909 4327 960 4381 FM
983 4327 987 4394 1
1008 4327 1045 4382 11
1070 4321 1209 4394 ἀληθινὸν
1232 4315 1350 4394 (τύπον)
1338 4325 1418 4394 >Μα
1433 4325 1437 4392 Ι
1454 4324 1491 4380 15
1510 4320 1603 4388 αἰκίας

290 4411 393 4466 Ηεετεί
410 4409 502 4477 αἰτίας
514 4413 564 4466 FM
580 4415 584 4481 1
601 4414 661 4470 241
677 4406 887 4484 προτρεπτικόν
903 4413 951 4466 καί
970 4403 1191 4482 παρακλητικὸν]
1209 4403 1425 4480 οἰαοτρετιτικὸν
1442 4409 1502 4478 [καί
1512 4425 1602 4478 παρα
1715 4447 1716 4508 ¹

289 4491 432 4566 κλητικδν]
452 4497 482 4550 st
499 4498 555 4567 vgl.
575 4497 657 4552 Paed.
678 4499 750 4560 189,
769 4496 881 4564 21251
896 4502 936 4552 τῶ
954 4488 1139 4565 λυδορητικὸν
1156 4494 1201 4547 Μ*
1216 4495 1220 4562 Ι
1237 4494 1273 4549 26
1291 4494 1349 4564 [καί
1368 4490 1602 4562 ἐγκωμιαστικόν]
1715 4511 1716 4604 ¹

289 4582 393 4636 Ηεττεί
408 4582 412 4648 l
429 4582 464 4637 27
484 4581 603 4650 ψεκτικὴ
623 4581 651 4634 Μ
670 4581 762 4651 xpm}
746 4581 801 4634 F
1715 4595 1716 4726 ¹
