3520 5480
292 411 352 472 310
889 404 1020 460 Clemens.

378 577 426 651 33,
449 577 467 640 8
492 572 615 656 Κῦρον]
639 574 781 656 Περσῶν
803 574 947 650 βασιλέα.
970 571 1030 636 ΡΜ

376 663 579 753 φιλόδωρος]
602 662 651 747 ιός
672 673 727 736 καὶ
749 664 837 737 κατὰ
860 672 922 738 τοῦ
945 673 1093 754 Κροίσου
1116 669 1210 750 δῶρα
1233 664 1358 749 λαβών.
1380 667 1440 734 ΡΜ

374 777 422 850 33,
447 777 483 837 13
505 768 624 855 πυρᾶς]
648 757 742 854 ἔφή]
765 773 821 836 καὶ
843 763 1058 856 αἰχμάλωτος
1073 771 1218 852 ληφθεὶς
1239 761 1306 836 ύπὸ
1327 763 1439 852 Κύρου
1454 769 1606 835 ἐπιτίθε-

292 893 347 934 ται
369 869 425 935 ἐπὶ
446 871 525 953 πῦρΙ
572 861 674 948 πάλλ’,
697 867 725 935 ὠ
750 862 1072 954 φιλανθρωπότερει
1100 872 1150 954 τῷ
1176 862 1277 952 Κύρῳ
1301 870 1395 953 λέγει
1417 869 1479 934 ΡΜ

257 980 273 1032 5
375 975 423 1048 33,
447 977 484 1036 14
507 960 642 1052 Σόλων]
665 963 712 1047 είς
736 971 808 1035 τῶν
832 963 918 1036 ἑπτὰ
940 971 1070 1051 σοφῶν,
1093 957 1130 1045 ὃς
1144 959 1338 1053 προειρήκει
1353 959 1460 1053 αύτῷ·
1487 970 1607 1045 »τέλος

293 1056 355 1148 όρα
377 1070 507 1152 μακροῦ
527 1072 627 1150 βίου(
652 1069 714 1133 ΡΜ

376 1172 423 1244 33,
448 1176 485 1233 15
508 1160 745 1252 σωφρόνησον]
769 1167 823 1236 ἐπὶ
845 1162 909 1253 γάρ
931 1169 993 1252 τῆς
1014 1168 1123 1252 πυρᾶς
1143 1154 1254 1243 ούτως
1270 1163 1363 1232 εἶπεν
1379 1169 1534 1250 Κροῖσος,
1558 1161 1605 1245 δίς

294 1285 397 1349 φησιν
417 1257 608 1350 Ἡρόδοτος·
656 1262 715 1334 »τά
739 1269 775 1335 δὲ
805 1261 866 1352 ἐμὰ
888 1259 1076 1351 παθήματα
1107 1257 1270 1352 ἀχάριστα
1293 1257 1396 1332 ἐόντα
1416 1260 1605 1352 μαθήματα

294 1366 451 1450 γέγονενι
476 1361 564 1432 κατὰ
586 1359 627 1434 τὸ
646 1357 837 1452 Ὁμηρικόν·

242 1491 275 1545 10
649 1479 775 1549 παθών
798 1481 835 1548 δέ
855 1506 891 1548 τε
915 1475 1154 1567 νήπιοςίγνω.
1176 1481 1238 1547 ΡΜ

377 1621 424 1694 33,
447 1621 485 1684 23
508 1615 575 1682 εἴτε
600 1613 791 1700 Φορωνεὺς]
817 1611 997 1696 Φορωνεύς
1018 1607 1163 1700 ’Λργεῖος
1185 1602 1228 1698 ἦν
1250 1616 1301 1698 τῷ
1324 1615 1420 1699 γένει,
1443 1606 1461 1680 ό
1485 1614 1521 1680 δὲ
1539 1619 1603 1682 Μέ-

291 1731 360 1797 ροψ
384 1717 493 1800 Κῷος.
535 1730 699 1800 μαντεῖον
720 1716 796 1796 περὶ
826 1708 892 1797 τὴν
914 1715 1079 1794 Λεβαδίαν
1105 1717 1167 1799 τῆς
1191 1717 1364 1791 Βοιωτίας
1386 1704 1454 1781 άπὸ
1482 1717 1603 1797 Φορω-

292 1808 380 1891 νέως
403 1808 496 1892 τινὸς
527 1809 669 1898 προότου
700 1807 872 1890 θύσαντος
895 1827 966 1886 τοῖς
989 1821 1083 1892 θεοῖς
1109 1829 1181 1891 τοῖς
1203 1817 1426 1897 νομισθεῖσιν·
1470 1803 1602 1898 ὁμοίως

295 1914 407 1978 δὲκαὶ
430 1915 552 1995 Μέροψ
574 1912 764 1996 ἱστορεῖται.
790 1914 849 1979 ΡΜ

242 2020 274 2074 15
376 2019 425 2094 33,
447 2019 486 2079 27
509 2008 572 2080 τὸν
581 2004 724 2097 Ἔρωτα]
741 2006 979 2096 πρεσβύτατον
1001 2014 1073 2078 τῶν
1096 2015 1191 2078 θεῶν
1214 2001 1420 2096 τὸνἝρωτα
1440 2008 1525 2097 μετά
1542 2017 1604 2080 τοῦ

291 2103 393 2194 χάους
415 2115 470 2177 καὶ
493 2113 553 2198 τῆς
575 2114 633 2197 γῆς
655 2113 829 2196 γεγονέναι
851 2115 907 2178 καὶ
928 2103 1077 2188 Ἡσίοδος
1099 2114 1187 2196 λέγει
1208 2111 1245 2178 ἐν
1267 2105 1319 2189 οίς
1341 2130 1456 2194 φησιν·

504 2221 581 2312 ἢτοι
602 2231 664 2313 μὲν
685 2225 864 2312 πράτιστα
887 2220 980 2306 Χάος
1002 2219 1119 2311 γένετ’,
1143 2220 1252 2312 αύτάρ
1275 2225 1392 2293 ἔπειτα

505 2319 581 2393 Γαῖ’
603 2320 820 2411 εὐρύστερνος
842 2380 848 2392 .
871 2379 877 2392 .
901 2378 907 2390 .
929 2319 984 2413 ἠδ’
1002 2317 1106 2410 Ἔρος.
1129 2329 1190 2393 ΡΜ

377 2467 423 2538 33,
447 2467 486 2528 28
509 2463 589 2544 πρὶν
611 2451 632 2544 ἢ
655 2454 806 2544 Χάρμον]
830 2452 908 2527 άντὶ
931 2463 993 2527 τοῦ
1014 2464 1096 2541 πρὶν
1118 2452 1140 2545 ἢ
1162 2456 1225 2527 τὸν
1248 2452 1391 2544 Χάρμον
1418 2459 1604 2544 ἐρασθῆναί

241 2574 275 2629 20
293 2584 389 2639 τινος
410 2562 465 2625 καὶ
487 2552 554 2626 ύπό
577 2561 640 2626 τοῦ
658 2550 807 2644 Ἔρωτος
830 2561 1015 2644 ληφθῆναι.
1039 2561 1099 2625 ΡΜ
1375 2646 1386 2656 η

377 2665 424 2740 33,
447 2666 486 2728 32
511 2659 730 2743 Φιλιππίδην]
747 2646 850 2736 οὗτος
866 2650 884 2724 ό
903 2660 1107 2744 Φιλιππίδης
1123 2650 1353 2743 ἡμεροδρόμος
1369 2655 1420 2742 ἡν.
1437 2651 1485 2737 άίς
1501 2677 1603 2742 φησιν

292 2751 484 2844 Ἡρόδοτος·
507 2755 580 2826 εἶτα
602 2759 730 2842 Ξέρξου
751 2752 1059 2842 ἐκστρατεύσαντος
1082 2759 1137 2826 ἐπὶ
1160 2749 1381 2842 τὴνἙλλάδα
1399 2758 1603 2842 Φιλιππίδης

294 2847 396 2937 οὗτος
418 2850 615 2943 άπαγγεῖλαι
636 2861 816 2940 πορευθείς
838 2851 977 2924 Λάκωσι
1000 2853 1065 2943 τὴν
1087 2856 1215 2940 ίφοδον
1236 2859 1301 2924 τοῦ
1320 2851 1505 2941 βαρβάρου,
1527 2858 1601 2937 περὶ

296 2953 337 3026 τὸ
360 2961 553 3041 Παρθένιον
576 2946 655 3041 όρος
677 2947 740 3044 ὁρᾷ
763 2983 800 3024 τε
823 2950 938 3044 φάσμα
962 2951 1002 3024 τὸ
1024 2960 1087 3025 τοῦ
1108 2952 1223 3036 Πανός
1244 2951 1331 3042 πρὸς
1353 2958 1402 3042 τῷ
1426 2950 1526 3040 τόπῳ
1549 2959 1603 3022 καὶ

243 3077 276 3130 25
296 3051 420 3136 άκούει,
443 3045 579 3135 οὗτινός
601 3082 639 3124 τε
661 3057 710 3142 είη
727 3059 886 3141 δαίμονος
902 3051 943 3124 τό
960 3047 1088 3138 όραθεν
1110 3057 1165 3122 καί
1188 3045 1243 3124 ότι
1269 3049 1438 3143 σύμμαχος
1446 3045 1605 3140 Ἕλλησιν

295 3150 382 3242 ἥκοὶ,
404 3159 458 3224 καί
480 3151 522 3222 τό
545 3149 613 3224 άπὸ
636 3158 736 3223 τοῦδε
757 3151 838 3234 θεὸς
859 3147 1052 3239 Ἀθηναίοις
1074 3156 1238 3243 ἐνομίσθη
1253 3148 1336 3234 Πάν,
1358 3150 1479 3222 καὶτὸ
1501 3151 1605 3223 καθύ

294 3264 424 3340 περθεν
446 3249 615 3340 σπήλαιον
638 3256 702 3323 τοῦ
721 3248 849 3340 ’Λρείου
870 3249 984 3341 πάγου
1005 3258 1237 3340 τεμενίσαντες
1259 3247 1353 3340 αύτῷ
1378 3254 1512 3339 ἔνορχιν
1528 3247 1604 3339 τρά-

298 3379 360 3440 γον
382 3345 445 3424 ὅσα
469 3355 527 3440 έτη
550 3352 655 3422 ἔθυον
678 3346 781 3439 αύτῷ.
804 3356 883 3420 ΡῖΜ

379 3455 690 3538 34,18Λιδυμαίφ]
724 3455 900 3540 Διδυμαῖος
930 3448 992 3539 γὰρ
1014 3446 1192 3523 Ἀπόλλων
1222 3455 1258 3521 ἒν
1288 3447 1434 3540 Μιλήτῳ
1467 3456 1604 3539 τιμᾶται

245 3571 278 3624 30
295 3545 316 3638 τ’]
341 3550 395 3621 διὰ
418 3548 459 3620 τό
482 3541 549 3638 άμα
571 3555 614 3636 τῇ
637 3545 764 3638 ἀδελφῇ
785 3545 948 3637 ’Λρτέμιδι
969 3555 1199 3639 γεγεννῆσθαι,
1222 3545 1244 3638 ἢ
1266 3550 1384 3622 διὰτὸ
1409 3555 1511 3621 διπλᾶ
1532 3549 1605 3638 ἱερά

296 3651 381 3719 εἶναι
402 3645 509 3719 αύτοῦ
531 3653 604 3719 ἐκεῖ.
627 3651 687 3716 ΡΜ

380 3754 516 3830 34184
543 3752 604 3834 τῆς
637 3747 889 3837 Λευκοφρύνης]
921 3744 1144 3836 Λευκοφρύνη
1171 3743 1323 3838 Ἄρτεμις
1360 3751 1397 3818 ἐν
1428 3757 1606 3842 Μαγνησίᾳ

296 3843 506 3936 ὀνομάζεται.
529 3851 591 3915 ΡΜ

380 3958 428 4031 34,
450 3957 489 4018 20
513 3950 665 4034 Μυνδίῳ]
689 3952 741 4035 τῷ
765 3955 862 4036 Καρί·
907 3945 1043 4029 Μύνδος
1065 3945 1128 4034 γὰρ
1149 3944 1250 4029 πόλις
1273 3955 1410 4036 Καρίας.
1432 3952 1494 4017 ΡΜ

245 4067 278 4120 35
380 4058 428 4130 34,
450 4057 488 4116 21
512 4051 550 4116 ἐν
576 4052 764 4136 Ρελμησσῴ]
793 4045 980 4136 Τελμησοός
1003 4052 1129 4131 Καρίας
1158 4045 1268 4130 πόλις,
1298 4041 1456 4133 άρίστους
1486 4049 1606 4135 ἔχουσα

295 4144 442 4234 μάντεις,
466 4139 550 4216 όθεν
572 4137 615 4234 ἦν
628 4141 864 4235 Ἀρίστανδρος
882 4141 901 4217 ό
924 4147 1040 4217 συνιδν
1054 4141 1259 4236 >Αλεξάνδρῳ
1284 4141 1382 4234 ἡνίκα
1398 4151 1527 4234 ἔκτιζεν
1541 4145 1606 4234 τὴν

296 4241 557 4332 Ἀλεξάνδρειαν.
578 4250 639 4314 ΡΜ
1111 4273 1113 4278 ’

382 4383 422 4438 31
438 4383 491 4452 vgl.
511 4381 634 4437 Herodot
653 4387 676 4449 1,
694 4383 727 4437 32
745 4411 778 4422 -
797 4381 1054 4446 8111101011201
1076 4413 1110 4421 -
1133 4383 1171 4438 10
1191 4381 1294 4436 Hesiod
1307 4381 1358 4451 Op.
1371 4383 1434 4447 218;
1456 4381 1605 4453 vgl.1>32;

303 4467 387 4520 Υ198
404 4496 437 4505 -
458 4467 518 4522 174
533 4465 635 4522 Hesiod
647 4467 749 4537 Theog.
770 4467 841 4523 1161.
861 4469 910 4522 120
927 4497 960 4506 -
979 4469 1018 4524 22
1038 4467 1094 4538 vgl.
1112 4466 1236 4521 Herodob
1254 4468 1278 4524 6.
1298 4467 1348 4522 105

386 4586 423 4640 12
443 4582 602 4655 Λεβάδειαν
621 4585 655 4638 Ι)ί
671 4587 675 4652 Ι
694 4586 730 4642 18
749 4579 893 4655 γαῖ’,ΡῑΜ
912 4594 979 4655 γαῖα
998 4586 1036 4638 Ρ*
1052 4588 1055 4652 ]
1072 4577 1114 4653 ηδ’
1127 4577 1210 4656 Ἔρος
1227 4585 1290 4639 Hes.
1310 4576 1348 4639 Μ’
1366 4577 1438 4656 ίρως
1454 4585 1506 4638 ΡΜ
