3532 5470
554 467 740 540 Protrepticus
758 467 823 540 Cup·
841 469 875 524 H.
893 470 934 534 24,
953 471 1044 534 1-26,
1063 471 1086 524 7.
1439 482 1476 544 19

165 633 315 720 ἔμφυτος
336 628 455 719 ἀρχαία
477 629 564 719 πρὸς
586 627 735 721 οῦρανὸν
756 627 957 718 ἀνθρώποις
972 639 1145 719 κοινωνία,
1167 631 1288 724 ἀγνοίᾳ
1306 641 1368 724 μὲν
1383 641 1476 710 ἐσκο·

165 735 314 821 τισμένη,
335 729 436 818 ἀφνω
458 735 496 802 δέ
515 759 585 803 που
606 730 882 822 διεκθρώσκουσα
904 737 967 806 τοῦ
988 729 1132 817 σκότους
1151 741 1207 806 καί
1222 730 1474 825 ἀναλάμπουσα,

165 831 242 902 οίον
265 831 305 922 δή
328 835 437 902 έκεῖνο
459 838 615 904 λέλεκταί
636 859 705 902 τινι
727 829 768 903 τὸ

377 942 457 1040 δρᾷς
480 947 544 1020 τὸν
564 943 657 1036 ύψοῦ
678 945 772 1020 τάνδ’
795 947 940 1037 ἄπειρον
962 955 1083 1038 αίθέρα

129 1047 145 1098 5
376 1055 432 1117 καὶ
454 1053 517 1136 γῆν
538 1055 635 1136 πέριξ
656 1043 772 1138 ἔχονθ’
794 1044 909 1137 ύγραῑς
931 1054 968 1120 έν
991 1045 1166 1137 ἀγκάλαις;

161 1147 283 1217 καὶτὸ

376 1239 405 1316 a}
427 1255 488 1336 γῆς
511 1239 618 1336 ὄχημα
639 1242 721 1318 κάπὶ
744 1253 805 1338 γῆς
827 1251 916 1336 ἔχων
939 1247 1046 1336 ἕδραν,

376 1339 470 1428 ὅστις
492 1342 570 1417 ποτ’
593 1348 625 1417 εί
644 1347 692 1431 σύ,
716 1345 953 1430 δυστόπαστος
974 1353 1141 1438 είσιδειν,Ι

162 1469 218 1534 καὶ
241 1455 304 1533 ὅσα
326 1462 414 1533 ἀλλα
435 1469 578 1534 τοιαῦτα
600 1471 758 1552 ποιητῶν
780 1458 896 1553 ᾄδουσι
917 1469 1041 1548 παιδος.
1086 1468 1212 1537 ἔννοιαι
1236 1471 1271 1536 δὲ
1287 1461 1472 1556 ἦμαρτημέ·
1492 1485 1592 1540 22Ρ4

111 1577 145 1630 10
163 1592 220 1634 ναι
241 1568 298 1633 καὶ
319 1569 527 1653 παρηγμέναι
558 1567 619 1652 τῆς
641 1559 785 1648 εύθείας,
818 1559 971 1651 ὀλέθριοι
994 1561 1043 1647 ώς
1065 1560 1215 1654 ἀληθῶς,
1248 1564 1288 1636 τὸ
1313 1561 1474 1652 οῦράνιον

163 1659 285 1749 φυτόν,
317 1661 380 1733 τὸν
411 1662 612 1752 ἄνθρωπον,
646 1659 807 1752 οῦρανίου
836 1667 1021 1752 ἐξέτρεψαν
1044 1671 1173 1753 διαίτης
1194 1672 1250 1734 καὶ
1272 1661 1474 1751 έξετάνυσαν

162 1766 218 1833 ἐπὶ
247 1769 317 1852 γῆς,
349 1768 478 1851 γηίνοις
507 1767 729 1850 προσανέχειν
760 1760 979 1834 ἀναπείσασαι
1008 1760 1209 1852 πλάσμασιν.
1253 1767 1287 1835 οἳ
1315 1768 1376 1853 μέν
1407 1762 1470 1855 γὰρ
1488 1779 1554 1841 26,1

163 1858 293 1944 εύθέως
314 1858 400 1951 ἀμφὶ
422 1861 487 1952 τήν
510 1859 659 1951 ούρανοῦ
681 1867 766 1932 θέαν
788 1856 1007 1952 ἀπατώμενοι
1029 1871 1084 1934 καὶ
1100 1856 1177 1949 ὄψει
1191 1861 1280 1952 μόνη
1295 1886 1472 1935 πεπιστευ-

161 1956 261 2044 κύτες
282 1969 357 2033 τών
379 1958 533 2050 ἀστέρων
556 1961 617 2045 τὰς
638 1959 785 2051 κινήσεις
806 1962 1031 2050 ίπιθεώμενοι
1054 1957 1249 2050 ἐθαύμασάν
1271 1990 1309 2032 τε
1331 1969 1385 2032 καὶ
1408 1965 1472 2048 ἐξε-

111 2075 143 2126 15
162 2069 314 2145 θείασαν,
345 2061 447 2144 θεοῦς
477 2067 514 2133 ἐκ
546 2067 608 2133 τοῦ
639 2073 714 2132 θεῖν
737 2056 966 2150 ὀνομάσαντες
988 2061 1068 2144 τοῦς
1091 2059 1242 2151 ἀστέρας,
1276 2067 1332 2130 καὶ
1353 2084 1471 2150 προσε-

162 2159 311 2250 κύνησαν
332 2156 440 2250 ἥλιον,
464 2158 512 2242 ώς
532 2158 637 2244 Ἰνδοί,
660 2168 716 2232 καὶ
739 2156 891 2250 σελήνην,
915 2157 963 2242 ώς
980 2159 1118 2250 Φρύγες·
1143 2163 1176 2232 οἳ
1198 2167 1233 2233 δὲ
1256 2167 1329 2231 τών
1351 2163 1388 2230 ἐκ
1409 2165 1504 2248 γῆς2

163 2267 347 2349 φυομένων
383 2261 464 2344 τοῦς
496 2255 637 2351 ἡμέρους
668 2257 870 2349 δρεπόμενοι
900 2261 1050 2347 καρπούς
1081 2262 1158 2350 Δηώ
1188 2259 1252 2332 τὸν
1284 2277 1390 2345 οιτον,
1422 2255 1471 2343 ώς

160 2355 342 2448 Ἀθηναῖοι,
374 2367 429 2429 καὶ
452 2356 616 2432 Διόνυσον
646 2359 711 2450 τήν
741 2360 903 2447 ἄμπελον,
935 2356 983 2442 ώς
1008 2367 1156 2451 θηβαῑοι,
1187 2357 1469 2448 προσηγόρευσαν.

161 2459 261 2532 ἄλλοι
291 2461 353 2541 τὰς
377 2458 516 2548 ἀμοιβάς
537 2466 599 2548 τῆς
620 2466 738 2542 κακίας
761 2456 1050 2548 ἐπισκοπήσαντες
1072 2465 1271 2530 θεοποιοῦσι
1292 2457 1354 2541 τὰς
1376 2455 1468 2530 ἀντι·
1486 2477 1502 2529 3

108 2567 143 2622 20
161 2554 269 2642 δύσεις
291 2565 563 2648 προσκυνοῦντες
584 2565 639 2630 καὶ
662 2558 724 2641 τὰς
745 2557 927 2648 συμφοράς.
970 2564 1133 2630 έντεῦθεν
1160 2557 1221 2640 τὰς
1243 2553 1392 2644 Ἐρινύας
1413 2567 1469 2630 καὶ

160 2657 222 2740 τὰς
245 2654 428 2746 Εὐμενίδας
444 2665 682 2747 Παλαμναίους
703 2685 740 2728 τε
757 2666 813 2729 καὶ
829 2665 1118 2748 Προστροπαίους,
1142 2660 1192 2729 ἔτι
1214 2661 1249 2728 δέ
1263 2653 1469 2746 Ἀλάστορας

160 2753 440 2830 ἀναπεπλάκασιν
470 2759 502 2830 ol
528 2756 613 2848 ἀμφὶ
644 2759 709 2848 τήν
740 2757 869 2848 σκηνὴν
899 2766 1047 2848 ποιηταί.
1100 2752 1304 2844 φιλοσόφων
1335 2761 1371 2827 δὲ
1401 2753 1500 2847 ἥδη4

159 2861 250 2938 τινὲς
280 2862 336 2928 καὶ
366 2853 464 2930 αῦτοὶ
493 2857 577 2946 μετὰ
601 2859 681 2942 τοῦς
703 2857 903 2946 ποιητικούς
931 2865 1004 2930 τών
1026 2863 1062 2929 ἐν
1085 2853 1163 2945 ύμῖν
1180 2863 1310 2928 παθών
1333 2853 1468 2928 ἀνειδω-

159 2965 339 3028 λοποιοῦσι
362 2955 490 3040 τύπους
513 2956 577 3028 τὸν
594 2956 707 3042 Φόβον
728 2965 784 3028 καὶ
807 2956 869 3028 τὸν
883 2952 1016 3044 Ἔρωτα
1033 2964 1089 3028 καὶ
1112 2955 1176 3044 τήν
1193 2955 1312 3044 Χαράν
1326 2962 1380 3025 καὶ
1403 2955 1468 3044 τὴν

106 3065 140 3119 25
157 3053 303 3136 Ἐλπίδα,
336 3053 450 3144 ὥσπερ
474 3054 585 3148 ἀμέλει
607 3065 662 3127 καὶ
683 3054 890 3147 Ἐπιμενίδης
912 3053 931 3128 ὁ
957 3053 1102 3137 παλαιὸς
1117 3049 1264 3143 Ὕβρεως
1285 3063 1341 3124 καὶ
1362 3050 1466 3126 ’Avat-

157 3162 247 3236 δείας
268 3151 448 3245 Ἀθήνησιν
470 3153 661 3246 ἀναστήσας
682 3154 828 3244 βωμούς·
871 3160 907 3227 οἳ
925 3163 962 3228 δὲ
984 3159 1018 3242 ἐξ
1040 3151 1157 3225 αῦτιῦν
1179 3149 1369 3243 ὁρμώμενοι
1390 3163 1464 3226 τῶν
1482 3169 1498 3222 5

156 3252 369 3343 πραγμάτων
390 3261 590 3328 έκθεοῦνται
613 3275 686 3340 τοῖς
709 3251 910 3347 ἀνθρώποις
931 3265 988 3328 καὶ
1009 3261 1212 3344 σωματικῶς
1227 3248 1465 3326 ἀναπλάττον-

157 3380 222 3438 ται,
260 3361 341 3444 Δίκη
365 3384 416 3438 τις
437 3363 493 3426 καί
516 3357 656 3428 Κλωθώ
679 3364 734 3428 καὶ
758 3353 899 3443 Λάχεσις
920 3364 976 3426 καὶ
995 3350 1163 3443 ’Ἀτροπος
1184 3361 1240 3424 καὶ
1263 3357 1464 3445 Εἱμαρμένη,

157 3449 257 3539 δύξώ
290 3482 325 3522 τε
349 3465 403 3524 καὶ
428 3455 564 3540 Θαλλώ,
597 3461 630 3525 αί
650 3451 807 3526 Ἀττικαί.
851 3456 948 3538 έκτος
979 3460 1071 3526 ἐστὶν
1101 3452 1310 3543 είσηγητικδς
1333 3450 1495 3542 τρόποςο·

104 3568 139 3624 30
156 3549 288 3642 ἀπάτης
310 3560 405 3624 θεῶν
425 3552 689 3645 περιποιητικός,
720 3551 804 3623 καθ’
828 3547 869 3624 ῦν
890 3551 1069 3644 ἀριθμοῦσι
1092 3554 1193 3634 θεούς
1216 3553 1296 3636 τοῦς
1319 3553 1463 3626 δώδεκα·

156 3644 207 3723 ών
228 3659 283 3723 καὶ
306 3661 488 3741 θεογονίαν
502 3649 651 3738 Ησίοδος
673 3649 745 3748 ᾇδει
767 3653 832 3743 τήν
854 3649 969 3726 αύτοῦ
993 3651 1081 3726 καὶ
1063 3647 1125 3724 ὅσα
1146 3662 1305 3772 θεολοηεῑ
1310 3647 1462 3776 Ὅμηρος.

156 3761 347 3835 τελευταῖος
369 3756 404 3823 δέ
421 3751 641 3826 ἀπολείπεται
664 3755 762 3840 (ἑπτά
784 3753 847 3841 γὰρ
871 3747 945 3824 02⁰
924 3783 1072 3836 απαντες
1089 3745 1185 3826 οῦτοι
1201 3747 1372 3840 τράποι)δ
1392 3749 1493 3826 ἀπδλ

155 3857 215 3940 τῆς
236 3859 332 3935 θείας
355 3847 540 3942 εῦεργεσίας
570 3861 632 3942 τῆς
653 3860 700 3936 είς
729 3853 808 3936 τοῦς
831 3847 1040 3942 ἀνθρώπους
1061 3857 1330 3941 καταγινομένης
1353 3847 1462 3943 ὁρμώ-

238 4021 282 4078 4ί
296 4021 388 4092 Eurip.
407 4021 448 4076 Fr.
467 4025 530 4086 935;
560 4024 612 4094 vgl.
632 4023 729 4077 Strom.
748 4023 773 4076 V
793 4027 854 4086 114;
882 4023 959 4078 Elter
982 4025 1080 4078 Gnom.
1106 4023 1170 4077 hist.
1189 4023 1238 4076 122
1257 4051 1291 4061 -
1310 4021 1354 4078 ίί
1368 4021 1460 4094 Ευώρ.

152 4105 249 4160 Ττοοδ.
267 4105 349 4170 884f;
367 4107 423 4176 νηί.
442 4106 519 4162 ΕΙίετ
536 4107 632 4162 Gnom.
650 4107 714 4162 hist.
728 4109 760 4161 75
779 4137 811 4146 -
830 4108 930 4162 12-8,
949 4109 997 4174 20,
1016 4107 1033 4162 2
1054 4107 1108 4177 vgl.
1127 4106 1223 4160 Aetius
1241 4105 1286 4159 bei
1304 4105 1388 4173 Diels,
1406 4107 1460 4162 Do·

153 4205 227 4260 xogr.
245 4188 328 4246 29511
332 4210 338 4253 ;
365 4189 772 4256 01ο.δεδοοτ.ηοί.115911;
803 4191 965 4256 Wendland‚
995 4192 1097 4246 Archiv
1123 4192 1141 4245 f.
1161 4190 1257 4246 Gesch.
1278 4188 1303 4243 d.
1322 4189 1458 4247 Philos.1

153 4275 160 4329 ί
166 4275 239 4342 1838)
257 4276 282 4329 S.
295 4275 431 4332 200-210
449 4275 621 4343 (Posidonius
640 4279 705 4350 περὶ
723 4279 800 4333 θεῶν
822 4275 1023 4346 Quem-15
1042 4275 1099 4345 vgl.
1112 4275 1193 4329 Plato
1206 4273 1309 4342 Cratyl.
1328 4293 1353 4345 p.
1372 4275 1458 4332 3971)

154 4358 335 4416 -251010
354 4359 389 4414 δε
407 4359 459 4428 leg.
478 4361 503 4413 ΙΙ
523 4363 563 4426 11,
581 4364 626 4424 28;
646 4361 863 4425 Forchhammer‚
884 4361 941 4415 Ind.
960 4361 1045 4417 schol.
1064 4359 1125 4414 Kiel
1145 4361 1269 4425 1843l443
1287 4359 1370 4424 Diels,
1389 4359 1458 4415 Vor-

155 4442 300 4506 solam.
320 4446 353 4499 15

171 4663 188 4718 b
234 4575 363 4718 ἕέῖεῖὶηη
383 4575 587 4637 Ρευεέκενωι
606 4581 886 4652 Ρ*Μ*18είσιδεῖν]
906 4581 1009 4639 εἰδέναι
1027 4582 1139 4652 Euripi
1161 4581 1200 4636 80
1218 4577 1338 4648 δώδεκα]
1358 4585 1390 4642 ÷
1408 4579 1457 4634 καί

153 4667 218 4718 fler

1205 4750 1241 4802 2*
