3520 5480
287 376 348 438 324
881 370 1014 426 clemens.

378 545 445 618 104,
468 543 507 604 25
529 539 585 603 καί
618 541 669 616 τίς
700 525 814 621 ὄνησις
836 535 873 603 έκ
897 539 1040 624 μακρῶν
1062 529 1175 616 οὕτως
1197 530 1313 621 λόγων
1334 532 1608 622 γεροντόπαιδας

291 630 455 706 δεικνύειν
477 631 619 716 πιστοὺς
642 639 754 716 νέους,·
775 637 826 702 M³

375 743 443 818 105,
466 741 505 804 23
529 731 698 822 φώτισμα]
728 736 765 802 έκ
795 729 924 804 τούτου
952 739 1008 802 καὶ
1031 727 1217 822 Γρηγόριος
1247 731 1288 805 τό
1319 734 1501 823 ἐπώνυμον
1524 745 1606 806 θεο-

291 829 394 921 λόγος
416 836 453 904 έν
475 837 527 920 τῷ
547 837 595 914 είς
617 832 661 902 τὰ
683 839 786 920 φῶτα
808 831 901 921 λόγω
924 830 1013 902 κατὰ
1034 829 1164 904 ταότόν
1185 828 1345 920 πρόεισιν.
1367 837 1428 904 FM

256 951 273 1003 5
376 941 442 1012 105,
465 942 504 1004 32
527 937 582 1001 καί
605 930 645 1002 οὐ
665 931 755 1003 κατά
777 931 857 1014 τούς
879 927 1067 1019 Ἀρειανοὺς
1098 927 1353 1020 ἀναγινώσκεις
1383 929 1444 1022 σόχ
1466 929 1607 1022 ἁρμόζει

291 1055 350 1114 σοι,
373 1030 563 1118 λσγιοίτατε
583 1025 729 1119 άνδρῶν.
751 1037 794 1102 1⁴⁷²

375 1142 443 1215 100,
467 1141 486 1204 9
510 1126 558 1212 αἷς
587 1129 650 1220 γάρ
681 1129 722 1202 τό
755 1136 895 1220 θέλημα]
932 1125 1008 1202 άντὶ
1040 1136 1102 1201 τοῦ
1123 1129 1313 1220 σύνδρομον
1335 1137 1377 1219 τῇ
1400 1129 1538 1220 θελήσει
1561 1132 1605 1204 τὸ

290 1233 391 1319 ἔργον
412 1233 485 1318 ἔχει
507 1233 567 1298 FM

376 1331 629 1416 106,1Ιοίδεν]
660 1349 837 1418 συμφωνεῖ
865 1335 970 1400 τοῦτο
1001 1337 1045 1418 τή
1077 1336 1140 1402 τοῦ
1159 1325 1313 1420 Ἱερεμίου
1342 1339 1537 1421 προφητείᾳ
1562 1338 1606 1418 τῇ

241 1445 273 1498 10
291 1426 446 1517 λεγούσῃ·
480 1426 624 1510 »πάντες
645 1425 762 1500 αὐτῶν
784 1425 972 1518 εἰδήσουσίν
995 1458 1035 1519 με
1056 1425 1125 1500 άπὸ
1147 1435 1267 1519 μικροῦ
1289 1429 1353 1511 ἕως
1374 1427 1525 1519 μεγάλου
1549 1427 1606 1501 αδ

289 1536 389 1600 τῶνα
414 1532 474 1598 FM
1034 1565 1036 1569 ⁷

376 1641 442 1712 111,
466 1640 501 1700 12
524 1625 716 1700 ἀνάπαυσιν
738 1626 803 1717 τὴν
825 1624 1015 1717 εἰσαγωγήν
1037 1651 1119 1716 φησι
1142 1629 1206 1718 τήν
1224 1634 1271 1710 είς
1293 1625 1358 1716 τήν
1377 1625 1512 1717 άχαθὴν
1529 1636 1606 1718 γῆν,

290 1732 328 1799 ἐν
349 1720 369 1816 ᾖ
393 1725 480 1816 γάλα
503 1729 628 1816 δεῖκαὶ
649 1733 730 1818 μέλι
753 1731 812 1797 FM

375 1837 444 1912 112,
470 1839 505 1900 11
530 1825 571 1898 τό
601 1833 775 1917 εἰρημένον
805 1826 898 1914 παρὰ
929 1833 980 1917 τῷ
1012 1821 1197 1917 άπσστόλῳ
1227 1833 1304 1916 περὶ
1335 1837 1410 1899 τῶν
1438 1824 1606 1918 άρρήτων

240 1943 272 1996 15
293 1924 466 2016 ῥημάτων,
497 1919 552 1998 ότι
577 1925 616 1998 »ά
638 1923 701 1999 οὔκ
722 1924 800 2012 ἐξόν
823 1921 1001 2015 άνθροόπῳ
1023 1931 1197 2015 λαλῆσαιι,
1228 1923 1289 2015 οὐχ
1310 1921 1405 1998 οὕτω
1427 1933 1479 1999 δεῖ
1499 1948 1604 2012 νοεῖν,

291 2023 340 2107 σός
362 2025 405 2098 τά
427 2020 485 2098 ἀπ’
508 2022 625 2099 αὐτῶν
647 2025 837 2116 δηλούμενα
867 2030 1045 2116 ἐχεμυθίας
1075 2031 1190 2096 δεῖται.
1234 2033 1309 2108 πῶς
1332 2023 1402 2113 γάρ,
1427 2019 1465 2111 ός
1485 2029 1603 2100 πολλὰ

291 2122 430 2196 τούτων
450 2129 580 2214 έκφσρα
601 2147 676 2211 ταῖς
698 2128 820 2198 ἑαυτοῦ
841 2129 1036 2208 ἐπιστολαῖς
1057 2143 1221 2211 ποιεῖται,·
1241 2125 1287 2215 μή
1307 2125 1371 2216 γάρ
1391 2133 1438 2209 είς
1452 2121 1603 2200 άποστό-

290 2236 372 2306 λους
394 2232 521 2311 τελῶν,
554 2223 653 2314 ἡνίκα
675 2223 822 2314 Χριστός
844 2233 887 2314 τῇ
909 2221 994 2295 καθ’
1017 2221 1101 2314 ἡμᾶς
1124 2233 1195 2313 ζωή
1216 2223 1375 2314 ένεδήμει,
1395 2233 1472 2309 πῶς
1495 2251 1601 2316 φησιν

294 2323 379 2410 »1γώ
401 2330 596 2412 παρέλαβον
621 2321 689 2397 άπό
713 2330 776 2396 τοῦ
808 2331 934 2412 κυρίου,
966 2317 1063 2395 όκαὶ
1084 2330 1267 2412 παρέδωκα
1287 2321 1396 2413 όμῑνι,
1418 2334 1475 2396 καὶ
1495 2323 1604 2399 πάλιν

240 2438 274 2494 20
294 2429 388 2510 »περὶ
416 2431 493 2496 τῶν
522 2433 709 2512 παρθένων
739 2424 903 2512 ἐπιταγὴν
931 2430 1050 2512 κυρίου
1073 2419 1135 2496 οὐκ
1156 2425 1259 2512 ἔχω«,·
1288 2417 1415 2495 οόκυυν
1435 2433 1514 2512 περὶ
1537 2424 1602 2514 τὴν

292 2516 440 2610 δήλωσιν
463 2522 504 2596 τὸ
527 2519 721 2611 ἇνέκφορον
743 2529 818 2594 τῶν
840 2520 1012 2612 ῥημάτων,
1034 2519 1123 2595 άλλά
1144 2521 1186 2594 τὸ
1210 2518 1271 2594 οόκ
1293 2521 1371 2610 ἐξὸν
1385 2530 1491 2596 τοῦτο
1505 2553 1602 2610 παρι-

291 2628 378 2692 στᾶν
399 2627 518 2694 δίδωσι
540 2621 581 2694 τό
602 2621 688 2711 μετά
708 2620 877 2711 τοσαύτης
899 2627 1049 2708 ἐξουσίας
1069 2619 1155 2693 αὐτὰ
1169 2627 1225 2694 καὶ
1238 2619 1422 2705 αόθεντίας
1436 2627 1602 2712 είρήσθαι.

292 2713 372 2809 ὅσης
394 2721 507 2813 θνητή
530 2721 629 2810 φύσις
651 2717 713 2795 οὐκ
736 2719 778 2792 ἂν
800 2719 970 2811 ἐπήβολός
991 2749 1078 2794 ποτε
1100 2728 1245 2811 γένοιτο.
1288 2731 1400 2806 πίστις
1416 2729 1479 2795 τοῦ
1497 2719 1602 2811 λόχου

292 2819 333 2892 τό
364 2825 402 2894 έν
432 2829 483 2912 τῷ
515 2819 698 2911 εὐαγγελίῳ
729 2826 903 2911 εἰρημένον
924 2828 1000 2910 περὶ
1023 2827 1084 2911 τῆς
1106 2827 1169 2893 ’τοῦ
1191 2827 1342 2910 Χριστοῦ
1364 2827 1508 2911 διδαχῆς,
1542 2816 1600 2894 ὅτε

240 2935 273 2990 25
292 2928 404 3009 φησίν,
427 2915 482 2992 ότι
503 2925 675 2993 ἐδίδασκεν
696 2919 777 3004 τούς
799 2914 920 3009 ὄχλους
941 2916 1013 3011 μετ’
1036 2926 1197 3007 ἐξουσίας,
1219 2916 1292 2992 ἄλλ’
1309 2918 1369 3012 οόχ
1384 2919 1433 3004 ως
1450 2925 1483 2994 οί
1501 2929 1601 3010 Φαρι-

293 3039 382 3093 σαῖοι
403 3027 459 3091 καὶ
481 3024 514 3092 οί
535 3039 746 3110 γραμματεῖς,
768 3018 853 3109 μετά
874 3027 1053 3103 κολακείας
1074 3019 1244 3108 δηλονότι.
1266 3025 1327 3091 FM

376 3131 443 3204 112,
466 3133 504 3192 22
535 3121 587 3190 ἔτι
617 3127 668 3209 τῷ
705 3117 800 3210 αὐτῷ
835 3123 1063 3208 έμφιλοχωρεῖ
1095 3121 1189 3210 ῥητῷ
1221 3121 1393 3208 διαφόρως
1423 3119 1600 3210 ἐξηγούμε-

292 3248 358 3300 νος.
380 3225 431 3288 M²

376 3331 444 3402 114,
465 3329 504 3390 22
527 3326 659 3407 μαστοί]
682 3314 761 3388 άντὶ
782 3323 846 3390 τοῦ
868 3321 900 3390 οί
922 3314 996 3388 κατ’
1014 3317 1120 3406 ἄνδρα
1135 3315 1412 3408 έπανεστηκότες,
1435 3323 1467 3392 οί
1483 3317 1600 3408 ὥσπερ

241 3432 274 3486 30
292 3413 416 3506 ἀνδρὸς
437 3410 553 3506 όρθιοι
575 3416 813 3508 ἐμπεφυκότες.
835 3422 896 3487 FM

378 3529 446 3600 115,
472 3529 508 3589 12
533 3514 634 3606 ζήτει,
656 3517 716 3588 ἐάν
738 3513 892 3606 άσφαλὴς
915 3513 936 3606 ἡ
958 3513 1116 3606 άναγωγή
1140 3511 1234 3608 αὕτη.
1256 3523 1307 3588 Μ3

377 3628 444 3700 124,
466 3627 485 3686 4
508 3608 537 3707 ᾧ
561 3623 757 3704 φωτίζεται]
781 3613 859 3688 άντὶ
881 3613 929 3699 οίς
952 3620 989 3686 ἐν
1012 3625 1104 3703 φωτὶ
1126 3612 1323 3688 όπτάνεται.
1346 3621 1380 3686 M

378 3726 445 3800 121,
469 3727 508 3788 30
531 3715 572 3788 τό
590 3712 743 3805 »Ῥουβὴν
757 3711 984 3804 πρωτότοκός
1006 3715 1167 3806 μουῃδιά
1190 3716 1317 3788 τούτου
1330 3716 1489 3803 βούλεται
1507 3721 1601 3788 έκκα-

294 3813 443 3887 λόπτειν.
465 3821 526 3886 FM

241 3939 274 3993 35
377 3925 448 3996 133,
470 3926 509 3988 23
542 3910 647 4004 όργήν
682 3913 745 4003 τήν
778 3923 969 4002 νουθεσίαν]
1001 3911 1042 3987 ου’
1073 3914 1134 4006 γάρ
1165 3913 1278 3998 πάθος
1309 3911 1410 4007 όρχής
1439 3911 1602 4005 πρόσεστι

292 4019 344 4105 τῷ
366 4021 451 4105 θεῷ,
474 4010 562 4088 άλλόι
584 4021 784 4104 νουθέτησίς
806 4017 877 4087 ἐστι
893 4021 1006 4087 τοῦτο
1031 4011 1288 4106 φιλάνθρωπος.
1331 4010 1373 4086 οδ
1394 4024 1514 4086 τοίνυν
1529 4011 1601 4087 οὐδ’

377 4169 417 4226 31
431 4170 487 4240 vgl.
507 4171 613 4240 Gregor
631 4187 685 4225 von
704 4169 771 4224 Naz.
789 4169 863 4224 Orah
881 4171 915 4226 39
932 4169 1038 4240 (Migne
1056 4171 1081 4224 S.
1095 4171 1141 4226 Gr.
1154 4171 1207 4225 vol.
1220 4171 1254 4226 36
1271 4169 1322 4226 εοΙ.
1336 4171 1396 4238 357)
1414 4199 1448 4209 -
1467 4169 1532 4226 101
1547 4169 1600 4224 ίετ,

291 4255 332 4318 31,
351 4255 385 4310 34
402 4285 436 4294 -
455 4255 520 4310 121
534 4254 589 4324 vgl.
608 4254 695 4310 Exod.
714 4256 738 4321 3,
755 4254 780 4309 8.
799 4259 831 4310 17
853 4283 882 4293 -
902 4255 941 4311 15
959 4255 1016 4323 vgl.
1034 4255 1059 4307 Π
1078 4255 1142 4310 Kor.
1161 4258 1201 4320 12,
1219 4259 1237 4308 4
1254 4283 1287 4294 -
1308 4256 1345 4310 10
1364 4255 1454 4309 IKor.
1468 4256 1509 4318 11,
1522 4255 1556 4310 23
1568 4283 1601 4292 -

292 4337 333 4394 20
350 4339 439 4395 IKor.
454 4343 477 4406 7,
489 4341 523 4395 25
540 4367 573 4378 -
590 4337 704 4394 24-20
721 4340 777 4410 vgl.
795 4339 896 4394 Matth.
916 4341 940 4405 7,
958 4339 1007 4404 29;
1024 4337 1112 4394 Mark.
1131 4342 1154 4404 1,
1172 4341 1255 4394 22-
1274 4339 1314 4394 33
1333 4339 1399 4393 Gon.
1416 4341 1460 4406 49,
1478 4341 1494 4392 3

376 4475 395 4530 3
409 4471 448 4612 Βτῖδ
467 4473 496 4526 Μ
514 4462 536 4548 ᾦ
555 4473 596 4542 F}
614 4475 628 4529 7
658 4480 709 4529 τοῦ
726 4473 755 4527 in
773 4475 801 4528 M
828 4474 982 4529 ausradiert
1005 4475 1009 4542 Ι
1033 4473 1071 4531 23
1095 4469 1228 4546 ἐπίβολος
1245 4473 1274 4528 Μ
1299 4475 1303 4542 Ι
1327 4473 1366 4531 25
1391 4467 1435 4530 ὅτι
1453 4483 1487 4532 <
1504 4473 1600 4544 0133

292 4557 392 4630 ρσνβίν
