3520 5480
600 447 728 504 Scholion
746 467 807 504 zum
825 444 1017 515 Protreptieus.
1403 445 1464 506 309

237 619 286 691 29,
309 619 349 681 28
372 607 433 692 τάς
455 604 622 698 γαλᾶς]0
603 641 657 682 οτι
687 609 708 702 6
739 617 870 702 ίστορία
901 615 1042 699 περιέχει
1075 604 1123 689 ῶς
1143 600 1327 692 Ἀλκμήνης
1349 606 1464 671 dvm·

150 706 276 798 κούσης
297 714 382 830 γαλῆ
404 715 582 798 παρῆλθεν
602 719 659 781 καί
681 645 811 795 εύθέως
832 708 1020 800 ἀπεκύησεν
1042 706 1105 778 τόν
1125 701 1298 793 Ἡρακλέα
1342 697 1394 770 διὸ
1417 725 1464 766 τι-

153 815 265 894 μῶσιν
288 804 395 895 αύτῆν
420 815 568 896 Θηβαῖοι.
591 815 652 880 ΡΜ

239 918 289 992 30,
313 920 329 977 1
353 904 578 997 μύρμηκαςΓ
559 939 578 980 ο
595 911 736 1001 Μύρμηξ
758 940 866 1001 ονομα
880 937 999 998 κυριοι
1014 906 1213 996 άνθρῶπου,
1237 933 1266 992 ῳ
1252 895 1466 990 δμοιωθείς

117 1021 135 1074 5
155 1003 176 1078 6
200 1005 283 1088 Ζεύς
304 1015 454 1096 μίσγεται
478 1005 720 1098 Εύρυμεδούσῃ,
743 1019 785 1100 τῆ
809 1008 985 1099 Κλὴτορος
1008 1013 1162 1096 θυγατρί,
1193 1031 1295 1094 γεννα
1278 1007 1352 1071 δὲ
1376 1008 1466 1085 Μυρ-
1501 1047 1504 1054 =

154 1103 278 1195 μιδόνα
301 1111 335 1192 ἐξ
357 1104 469 1196 αύτῆς.
491 1113 553 1178 ΡΜ

242 1217 289 1290 30,
312 1219 330 1277 5
361 1215 536 1297 σμίνθους]
577 1215 723 1297 Κρητῶν
758 1205 1099 1298 ἐπιστρατευσάντων
1134 1222 1206 1286 τοῖς
1247 1207 1375 1290 Τρωσίν
1410 1203 1466 1268 καὶ

157 1311 546 1430 στρατοπεδευσαμένων
560 1317 708 1397 πλησίον
730 1316 791 1398 τῆς
810 1306 967 1430 Τρῳάδος
990 1311 1023 1380 οί
1045 1312 1105 1395 μῦς
1121 1301 1258 1388 νύκτωρ
1273 1305 1468 1388 ἐπιθέμενοι

157 1404 240 1484 τούς
262 1412 460 1494 τελαμῶνας
482 1415 556 1478 τῶν
577 1405 732 1480 άσπίδων
755 1407 871 1481 αύτῶν
893 1414 1089 1498 διέτρωγον,
1120 1413 1176 1474 καὶ
1197 1407 1359 1473 ἐντεῦθεν
1379 1394 1468 1484 ίδρύ·

96 1517 139 1570 10
158 1527 265 1574 σαντο
288 1509 349 1593 μὲν
370 1503 462 1593 ίερόν
483 1502 707 1592 Ἀπόλλωνος,
730 1506 955 1595 ἐπωνόμασαν
978 1513 1012 1577 δὲ
1033 1501 1119 1576 αύτο
1106 1502 1304 1592 Σμίνθιον
1321 1503 1469 1586 Κρητῶν

158 1607 353 1691 ἐπιχωρίων
374 1605 525 1693 γλῶττη·
549 1614 711 1696 σμίνθους
733 1607 795 1736 γὰρ
819 1609 899 1690 τούς
919 1605 1004 1698 μύας
1019 1609 1051 1676 οί
1069 1609 1199 1692 Κρῆτες
1213 1605 1383 1672 καλοῦσιν.
1406 1599 1469 1665 ΡΜ

242 1713 290 1787 30,
317 1712 353 1774 18
377 1711 551 1791 Κυθνίοις]
578 1705 724 1791 Κύθνος,
746 1716 804 1797 μία
824 1715 898 1779 τῶν
911 1703 1115 1826 Σποράδων
1138 1701 1261 1792 νήσων.
1283 1703 1344 1768 ΡΜ

243 1815 290 1884 30,
312 1813 351 1874 20
377 1811 540 1892 Φαληροῖ]
567 1807 740 1895 Φαληρεύς
762 1807 864 1897 λιμὴν
886 1813 947 1896 τῆς
968 1803 1132 1892 Ἀττικῆς·
1177 1797 1254 1872 όδὲ
1275 1796 1364 1868 κατὰ
1386 1792 1468 1913 πηδ-

157 1930 242 1990 μνας
272 1897 364 2022 ἥρως
385 1897 589 1992 Ἀνδρόγεως
620 1911 721 1990 ἐστιν,
751 1905 823 1988 υιός
854 1896 1148 1990 111ίνωος,ούτως
1179 1895 1382 1988 ὀνομασθείς
1414 1887 1469 1964 ότι

102 2011 139 2064 15
158 2000 247 2072 κατὰ
270 2001 331 2128 τῆς
352 2000 505 2090 πρύμνας
528 2011 602 2074 τῶν
625 2013 720 2094 νηῶν
738 2007 863 2094 ιδρυτο.
899 2011 954 2075 καί
971 2011 1186 2091 Καλλίμαχος
1207 1996 1299 2070 ἐνδ’
1323 2023 1398 2066 των
1413 1998 1470 2062 Αἰ

162 2108 250 2170 τίων
271 2106 445 2221 μέμνηται
467 2106 529 2172 ΡΜ

244 2211 292 2282 30,
308 2211 346 2271 21
363 2196 597 2292 Ἀνδροκράτει
611 2201 731 2291 κτλ.’]
711 2202 865 2295 ονδματα
880 2213 954 2278 τῶν
968 2199 1053 2292 ύπερ
1064 2205 1265 2271 Πλαταιέων
1276 2191 1470 2284 ἀναιρεθέν-

160 2329 244 2372 των
268 2293 327 2370 ότε
349 2307 473 2419 Ξέρξης
496 2299 611 2386 αύτοῖς
634 2303 905 2394 ἐπεστράτευσεν.
927 2310 989 2374 ΡΜ

245 2409 293 2482 30,
315 2401 402 2470 21’
378 2429 407 2468 ω
440 2401 598 2488 Βοιώτιε]
630 2401 706 2474 άντλ
738 2412 801 2476 τοῦ
832 2397 860 2477 ῶ
893 2398 1030 2476 Ησίοδε·
1076 2397 1233 2482 Βοιωτός
1264 2397 1325 2486 γάρ
1357 2387 1400 2484 ἦν
1431 2391 1471 2464 τὸ

104 2521 141 2575 20
160 2504 267 2587 γένος.
290 2503 351 2567 ΡΜ

246 2608 294 2681 31,
320 2610 333 2667 1
357 2593 515 2688 Ἂσκραῖε]
537 2595 677 2675 Ἡσίοδε·
717 2599 839 2695 Ἄσκρη
861 2605 923 2694 γὰρ
945 2600 1045 2684 πόλις
1069 2605 1246 2680 Βοιωτίας.
1269 2604 1329 2668 ΡΜ

245 2706 294 2780 31,
317 2707 336 2767 6
358 2691 539 2787 υμεδαπης]
563 2698 730 2790 ὑμετέρας.
753 2709 814 2774 ΡΜ

246 2807 294 2878 31,
317 2802 362 2867 fif
381 2801 655 2887 ἐγχρίμπτονται]
679 2812 938 2891 συμπίπτουσιν
961 2807 1153 2890 ἐγγίζουσιν.
1177 2803 1237 2867 ΡΜ

249 2906 297 2978 31,
322 2905 359 2967 2
322 2891 622 2989 οψαρτυτικης]
642 2908 841 2990 μαγειρικῆς
864 2909 924 2972 ΡΜ

107 3010 143 3063 25
247 3006 297 3079 31,
319 3006 357 3065 24
380 2990 557 3116 Ἰθωμῆτγγ]
580 2995 702 3090 Ἰθῶμη
724 2998 824 3084 πόλις
846 3009 907 3091 τῆς
930 3005 1204 3089 Λακεδαιμονίας.
1227 2999 1288 3064 ΡΜ

247 3092 290 3183 ῆν
311 3100 366 3162 καὶ
382 3093 562 3187 Μεσσήνην
585 3109 700 3185 φασίν·
721 3107 854 3190 μᾶλλον
874 3108 910 3172 δὲ
933 3095 1043 3179 οὕτως
1066 3093 1086 3186 6
1108 3093 1294 3216 ἀκρόπολις
1310 3097 1396 3180 τῆς
1386 3096 1471 3156 1Ιεσ-

163 3189 267 3281 σὴνης
289 3191 415 3282 ταύτης
436 3206 597 3282 καλεῖται,
622 3197 735 3288 ῶσπερ
758 3229 778 3290 η
795 3229 857 3271 του
842 3195 1005 3288 Ἄργους
1024 3195 1130 3269 πάλιν
1146 3191 1329 3283 ἀκρόπολις
1345 3187 1473 3276 Λάρισα

164 3298 303 3380 λέγεται.
326 3297 405 3361 P²M

248 3401 337 3472 32,1
362 3389 571 3482 Μόνιμος]
551 3426 659 3488 ονομα
682 3397 954 3488 ἱστοριογράφου.
978 3403 1038 3468 ΡΜ

111 3495 146 3548 30
249 3500 297 3574 32,
320 3503 338 3560 4
361 3491 639 3587 ἐνΝόστοις](
605 3495 717 3581 ου’τως
739 3503 998 3589 ἐπιγραφομένῳ
1014 3505 1134 3618 βιβλίῳ
1150 3501 1341 3584 περιέχοντι
1357 3518 1422 3578 τι
1403 3491 1474 3559 νκέ

166 3596 227 3678 τῆς
248 3585 346 3660 Ἰλίου
365 3598 439 3661 τῶν
460 3589 634 3684 Ἑλλήνων
656 3596 840 3671 ἐπάνοδον·
884 3595 1006 3680 νόστος
1028 3597 1090 3686 γὰρ
1112 3626 1132 3686 η
1122 3591 1328 3674 ἐπάνοδος
1351 3594 1411 3660 ΡΜ

250 3699 299 3774 32,
320 3699 339 3760 6
363 3689 567 3780 Δωσίδας]
546 3725 655 3785 ονομα
677 3698 950 3788 ἱστοριογράφου.
973 3701 1080 3767 ΡΜ.

252 3791 416 3878 Φωκαεῖς]
442 3799 593 3878 Φωκαεῖς
616 3801 648 3869 οί
666 3794 790 3881 Ἡίωνες
836 3800 975 3870 Φοόκαια
997 3796 1088 3885 γάρ
1085 3801 1139 3865 οία
1167 3800 1239 3863 τῶν
1263 3789 1393 3861 δώδεκα
1415 3783 1473 3855 πό·

166 3901 258 3960 λεων
280 3892 340 3976 τῆς
362 3884 494 3973 Ἰωνίας
517 3899 578 3965 ΡΜ

114 3990 148 4042 35
251 3998 300 4071 32,
326 3999 363 4058 15
385 3990 650 4084 τοπάζοντες]“
629 4005 869 4081 υπονοοῦντες.
890 4003 952 4067 ΡΜ

251 4097 300 4171 32,
326 4097 363 4159 16
386 4085 427 4159 ου’
449 4091 510 4183 γὰρ
532 4096 668 4184 κτλῐ]
640 4130 687 4182 ως
710 4107 786 4170 λίαν
810 4105 900 4187 σαφῆ
915 4127 952 4168 τε
967 4124 1023 4167 και
1011 4090 1153 4180 εύσεβῆ
1169 4088 1233 4180 τὴν
1247 4097 1355 4176 κρίσιν
1370 4080 1476 4170 ἐξάγει

168 4182 186 4258 (1
210 4189 449 4267 θεσπέσιος
412 4223 513 4278 ουτος
535 4197 731 4288 ἄνθρωπος.
754 4203 805 4266 Μ2

256 4373 293 4428 15
312 4371 502 4426 Kal1machu6
520 4371 562 4424 Fr.
581 4371 630 4424 33b
647 4369 845 4424 Schneider—
865 4369 937 4424 22-
941 4367 980 4422 24
1000 4364 1054 4434 vgl.
1073 4359 1224 4430 Hesychius
1241 4376 1262 4412 ε.
1280 4376 1322 4412 vv.

256 4540 293 4594 ll
322 4536 463 4610 ἐπιχωρίῳ
482 4537 518 4590 Kl
542 4539 546 4605 1
572 4537 610 4592 15
637 4537 710 4593 κατὰ
737 4537 780 4590 Μ2
804 4536 853 4590 καί
879 4535 947 4587 ΡΜ*
972 4537 976 4601 l
1001 4532 1060 4588 166
1084 4527 1186 4585 Αἰτίων
1212 4527 1247 4580 Di
1274 4522 1371 4580 αἰτιῶν
1397 4521 1448 4575 ΡΜ
1469 4520 1477 4588 Ι

169 4625 208 4680 33
227 4643 325 4693 φωκεα
346 4623 368 4676 Ρ
388 4620 485 4692 φωκεά
505 4621 532 4674 Μ
