3510 5474
509 450 692 522 magogas
709 453 756 506 111.
774 453 838 523 cap.
856 453 890 507 ιι.
908 455 933 520 ι,
952 454 1026 520 ε-ι,
1045 454 1069 508 ε.
1266 497 1269 502 .
1383 461 1444 526 239

131 632 207 695 τοῖς
230 609 392 702 ἀνδράσιν
414 617 584 702 οἰκουρίας
605 609 702 704 όλίγα
725 623 976 703 φροντίζουσιν,
1005 613 1145 687 λύσαοαι
1176 621 1212 686 δὲ
1234 612 1380 706 τάνδρὸς
1401 615 1443 688 τό

130 710 342 796 βαλλάντιον
364 718 562 800 ἐκτρέπουσι
585 713 648 797 τὰς
660 723 820 804 χορηγίας
835 723 881 798 εἰς
896 719 1084 804 ἐπιθυμίας,
1105 712 1154 799 οός
1168 715 1320 798 πολλοὺς
1335 719 1444 805 ἔχοιεν

131 821 197 886 τοῦ
218 819 318 884 καλοί
341 818 454 885 δοκεῖν
476 814 563 885 είναι
582 811 767 903 μάρτυρας,
797 823 852 887 καὶ
875 815 939 905 τὴν
960 821 1075 887 πᾶσαν
1096 811 1222 905 ἡμέραν
1242 823 1442 905 κσμμωτικῇ

130 911 448 1002 προσκαθεζόμενοι
479 909 732 1004 ἀργυρωνήτοις
763 912 983 1008 σχολάζουσιν
1006 911 1242 1005 ἀνδραπόδοις.
1284 912 1442 1002 καθάπερ
1460 930 1508 995 6,1

98 1030 113 1082 5
132 1006 197 1086 οὖν
212 1007 303 1100 όφον
318 1011 474 1101 πονηρὸν
490 1009 650 1101 ἡδύνουσι
666 1013 732 1103 τὴν
747 1011 853 1101 σάρκα
867 1021 923 1086 καὶ
939 1013 1004 1104 τὴν
1026 1021 1088 1105 μὲν
1103 1011 1230 1105 ἡμέραν
1244 1022 1442 1103 κομμωτικῇ

131 1109 384 1202 προστετὴκοσι
399 1108 680 1203 θαλομευόμεναι,
694 1114 740 1204 μὴ
755 1117 964 1204 ἐλεγχθῶσιν
979 1115 1227 1205 ξανθιζόμεναι,
1250 1119 1391 1202 ἑσπέρας
1407 1121 1443 1184 δὲ
1524 1193 1527 1198 ,

131 1209 290 1300 καθάπερ
321 1217 358 1282 ἐκ
381 1218 520 1299 φωλεοῦ
551 1210 637 1300 πρός
663 1210 728 1284 τὸν
750 1210 876 1301 λύχνον
897 1211 939 1284 τὸ
962 1209 1074 1286 νόθον
1100 1221 1104 1302 ἱ
1132 1222 1237 1286 τοῦτο
1260 1220 1443 1304 προσέρπει
1461 1230 1545 1288 254Ρ

131 1310 271 1394 κάλλος·
315 1331 468 1401 συνεργεῖ
495 1311 557 1401 γάρ
588 1319 643 1382 καί
666 1309 687 1401 ἡ
708 1319 796 1402 μέθη
818 1309 937 1383 καὶτὸ
959 1308 1109 1403 άμυδρὸν
1130 1321 1193 1386 τοῦ
1216 1312 1335 1402 φωτός
1356 1313 1443 1401 πρὸς

132 1411 198 1501 τὴν
229 1415 382 1482 ἐπίθεσιν
413 1407 538 1482 αὐτῶν.
581 1418 636 1482 καὶ
667 1411 732 1502 τὴν
760 1419 822 1502 μὲν
853 1420 1081 1499 ξανθίζουσαν
1102 1413 1184 1498 τοὺς
1205 1409 1401 1502 πλοκάμους
1424 1408 1476 1483 52

81 1527 114 1581 10
131 1510 282 1600 κωμικὸς
303 1517 502 1601 Μένανδρος
524 1515 624 1600 είργει
646 1517 708 1600 τῆς
731 1519 850 1596 οἰκίας·

327 1651 391 1716 νῦν
412 1639 445 1712 δ’
468 1643 548 1732 ίρπε
570 1639 628 1717 ἀπ’
649 1649 756 1716 οἰκων
777 1652 900 1718 τῶνδε·
924 1645 988 1735 τὴν
1010 1663 1150 1735 γυναῖκα
1172 1643 1234 1735 γὰρ
1335 1689 1337 1694 -

328 1743 393 1834 τὴν
415 1744 580 1833 σαόφρονα
603 1740 644 1815 οδ
665 1750 717 1816 δεῖ
738 1744 800 1827 τάς
821 1753 936 1834 τρίχας
958 1744 1088 1831 ξανθὰς
1108 1764 1228 1829 ποιεῖν,

131 1875 207 1958 ἀλλ’
231 1873 308 1950 σόδέ
330 1877 392 1962 τὰς
413 1877 553 1966 παρειάς
584 1885 718 1965 φυκοῦν
743 1875 821 1951 οὐδὲ
842 1879 922 1960 τούς
953 1873 1154 1968 ὀφθαλμοὺς
1175 1871 1443 1966 δπογράφεσθαι.

134 1976 298 2067 λελὴθασι
330 1983 366 2048 δέ
396 1984 484 2065 σφᾶς
515 1982 547 2050 σί
579 1984 823 2067 κακοδαίμονες
849 1976 891 2050 τὸ
913 1980 1039 2051 οἰκεῖον
1062 1974 1293 2050 άπολλόουσαι
1315 1974 1476 2059 κάλλος3

83 2097 114 2148 15
133 2085 197 2152 τοῦ
228 2072 368 2149 όθνείου
397 2085 440 2166 τῇ
471 2083 692 2168 ἐπεισαγωγῇ·
735 2073 803 2167 άμα
833 2085 915 2167 γοῦν
947 2073 1051 2168 ἡμέρᾳ
1082 2073 1355 2165 σπορασσόμεναι
1385 2085 1442 2147 καὶ

132 2174 396 2267 άποτριβόμεναι
423 2184 479 2246 καί
501 2175 671 2268 φυράμασί
693 2205 760 2250 τισι
783 2173 1105 2265 καταπλαττόμενοι
1127 2173 1271 2266 φήχουσι
1294 2182 1354 2266 μέν
1377 2174 1440 2246 τὸν

132 2286 260 2368 χρῶτα,
290 2275 483 2365 θρύπτουσι
514 2283 550 2348 δὲ
581 2278 646 2369 τὴν
675 2276 783 2367 σάρκα
815 2295 886 2359 τοῖς
918 2273 1107 2365 φαρμάκοις
1128 2284 1185 2347 καὶ
1207 2282 1249 2364 τῇ
1271 2285 1442 2368 περιεργίᾳ

135 2387 209 2450 τῶν
231 2374 416 2470 ῥυμμάτων
438 2376 479 2448 τὸ
502 2383 630 2449 σίκεῖον
649 2387 870 2467 μαραίνουσιν
892 2375 1010 2459 ἄνθος.
1053 2373 1107 2447 διὰ
1131 2372 1235 2462 τοδτό
1259 2405 1314 2448 τοι
1336 2374 1476 2466 ω’χραὶ4

132 2486 194 2568 μὲν
216 2483 252 2550 ἐκ
284 2473 583 2563 καταπλασμάτων
604 2485 892 2564 καταφαίνσντοι,
924 2471 1091 2546 εὐάλωτοι
1113 2482 1149 2546 δέ
1170 2470 1237 2546 δπὸ
1261 2473 1375 2547 νόσων
1397 2483 1442 2565 γί-

83 2595 116 2648 20
135 2607 256 2652 νοντιιι
279 2576 424 2666 τακερὰν
447 2572 510 2665 ἤδη
533 2574 598 2666 τὴν
621 2574 727 2666 σάρκα
743 2572 932 2666 φαρμάκοις
948 2575 1013 2665 τὴν
1028 2578 1339 2665 ἐσκιαγραφημένην
1354 2579 1444 2664 έχου-

134 2703 198 2760 σαι,
222 2685 296 2748 τῶν
318 2672 518 2764 α’νθρεόπων
539 2676 602 2748 τὸν
624 2674 829 2766 δημιουργὸν
851 2671 1083 2764 άτιμάζουσαι,
1116 2671 1163 2756 σός
1186 2670 1227 2744 οδ
1247 2671 1322 2745 κατ’
1346 2671 1444 2762 άξίον

135 2782 370 2866 δεδωρημένον
400 2774 441 2847 τὸ
471 2771 605 2856 κάλλος.
656 2774 799 2859 εἰκότως
834 2771 932 2865 άργαὶ
962 2771 1048 2861 πρὸς
1078 2777 1248 2862 οἰκουρίας
1278 2781 1442 2862 γίνονται,

133 2875 291 2966 καθάπερ
313 2880 601 2965 ἐζωγραφημέναι,
632 2871 855 2964 καθεζόμενοι
885 2879 930 2956 είς
965 2879 1065 2958 θέαν,
1100 2869 1162 2942 οὐκ
1192 2878 1237 2954 εἰς
1270 2878 1443 2961 οἰκουρίαν

134 2981 355 3067 γεγενημέναι.
398 2975 452 3046 διὰ
483 2972 588 3048 τοῦτό
620 3005 675 3046 τοι
697 2971 718 3065 ἦ
739 2975 832 3062 παρὰ
862 2981 912 3064 τῷ
935 2979 1074 3063 κωμικῷ
1102 2971 1333 3061 ἐπιλογιστικὴ
1357 2974 1441 3063 γυνη
1459 2995 1508 3062 7‚1

84 3091 116 3146 25
135 3083 237 3168 λέγει·
453 3095 455 3100 “

395 3184 429 3247 τί
451 3171 486 3247 δ’
509 3171 551 3246 διν
574 3193 728 3264 γυναῖκες
750 3168 922 3262 φρόνιμον
944 3176 1170 3262 ἐργασαίμεθα

394 3271 416 3366 ἢ
438 3272 604 3366 λαμπρόν,
628 3277 663 3345 οἳ
683 3270 851 3363 καθήμεθ’
875 3277 1118 3360 ἐξανθισμένοι,

136 3398 210 3464 τῶν
232 3396 423 3482 ἐλευθέρων
445 3399 617 3481 γυναικῶν
638 3388 877 3479 λυμαινόμενοι
899 3389 963 3461 τὸν
983 3395 1193 3480 χαρακτῆρα,
1216 3393 1322 3462 οἴκων
1365 3385 1443 3461 άνα·

136 3491 266 3580 τροπάς
295 3498 351 3562 καί
380 3489 499 3581 γάμων
529 3489 699 3580 ἐκτροπὰς
729 3498 785 3561 καὶ
806 3495 942 3562 παίδων
962 3487 1136 3576 ὑποβολὰς
1157 3486 1441 3578 περιποιούμενοι.

84 3621 117 3676 30
135 3598 240 3665 τοῦτο
264 3589 348 3664 αότδ
360 3590 433 3696 ,γάρ
455 3619 508 3662 τοι
530 3599 587 3664 καὶ
602 3585 804 3680 Ἀντιφάνης
826 3587 1010 3682 δκωμικὸς
1025 3595 1062 3662 ἐν
1078 3597 1249 3679 Μαλθακη
1265 3587 1306 3662 τό
1323 3591 1442 3679 ἑταιρι-
1460 3607 1477 3662 2

221 3756 255 3813 ll
268 3756 284 3811 f
299 3756 449 3811 Menander
466 3757 508 3810 Fr.
527 3757 578 3811 610
595 3753 664 3810 082
682 3755 720 3808 111
738 3773 765 3826 p.
785 3758 835 3813 184
854 3787 886 3796 -
905 3755 1119 3827 261Aristoph.
1139 3755 1200 3824 Lys.
1217 3755 1275 3809 42f

218 3892 237 3946 8
253 3897 430 3960 κομμωτικῆι
449 3895 502 3962 ίμμ
520 3891 550 3946 in
561 3891 634 3960 Ru.)
652 3892 686 3947 P¹
702 3896 707 3962 Ι
722 3893 740 3949 5
760 3888 836 3964 ίίψον
848 3893 882 3946 Ρί
895 3888 963 3964 ὄψιν
976 3892 1065 3946 PF*M
1080 3893 1085 3961 Ι
1100 3892 1119 3947 δ
1138 3891 1341 3959 ξανθιζόμεναι
1353 3891 1443 3945 Mark-

137 3974 203 4029 land
216 3971 402 4045 δνθιζδμεναι
414 3977 436 4029 Ρ
451 3979 455 4044 1
473 3977 508 4033 ll
529 3971 608 4049 ἕρπε]
624 3971 683 4050 ἔρρ’
696 3978 789 4046 Cobet,
808 3978 940 4032 Mnemon.
952 3981 969 4031 4
987 3976 1074 4046 (1855)
1091 3993 1118 4046 p.
1131 3979 1181 4031 126
1193 4002 1226 4020 =
1238 3975 1306 4031 Nov.
1324 3975 1444 4038 1εο1.30;

138 4060 194 4130 vgl.
212 4060 277 4114 aber
294 4058 357 4114 Eur.
376 4061 436 4118 Hel.
454 4063 504 4115 477
529 4063 533 4129 Ι
558 4063 597 4118 14
624 4058 816 4120 διιολλύοισοι
833 4063 868 4116 P¹
895 4059 1070 4119 ἀπολύουσαι
1086 4061 1124 4115 Ρ*
1140 4063 1144 4128 Ι
1161 4061 1199 4116 18
1218 4056 1444 4131 ἀπστριβδμεναι

139 4147 217 4199 Schw
236 4142 456 4214 ἀποτεωδμεναι
473 4147 495 4201 Ρ
514 4144 754 4219 ἄποκτεινδμενοι
771 4151 906 4219 Βγααῖετ,
929 4147 1023 4213 Journ.
1042 4147 1073 4202 of
1087 4145 1158 4200 Phil.
1175 4148 1192 4198 4
1211 4145 1298 4212 (1872)
1324 4162 1350 4214 p·
1369 4145 1418 4199 205
1438 4145 1441 4208 ί

137 4231 260 4299 ψήχσυσι
277 4229 388 4298 Jacobs,
415 4232 529 4287 Ansshol.
547 4232 637 4288 Palat.
656 4235 694 4289 ΙΙΙ
712 4253 738 4305 p.
757 4237 807 4290 715
825 4231 946 4303 φίχονσι
964 4231 986 4285 Ρ
1008 4229 1140 4302 τρέχουσι
1158 4228 1318 4282 Wendland
1335 4227 1443 4292 Quaest.

137 4314 205 4368 Mna
223 4315 255 4368 51
283 4313 316 4368 ef.
338 4321 434 4384 ιινμιιεί
459 4317 531 4371 'Peru
559 4319 593 4372 de
620 4321 697 4374 cultu
722 4318 865 4375 1515115
888 4320 893 4384 Ι
919 4316 955 4372 17
982 4313 1141 4385 θρύπτονσι
1168 4315 1296 4381 Bywaber
1323 4330 1346 4366 εο
1371 4329 1394 4368 ο,
1413 4310 1444 4364 Ο.

137 4395 284 4470 ἐρέπτουσι
301 4398 323 4452 Ρ
340 4399 494 4471 κρύπτουσι
511 4401 578 4457 oder
595 4402 733 4476 ῥίπτουσι
754 4406 877 4471 Bernays
900 4403 905 4468 Ι
930 4401 968 4457 18
986 4395 1085 4468 δινθος]
1103 4397 1208 4463 κάλλος
1225 4397 1253 4460 F,
1272 4397 1338 4451 aber
1354 4391 1445 4459 ἄνθος

137 4507 180 4543 am
192 4489 272 4544 Rand
287 4491 291 4557 Ι
307 4491 347 4547 2⁰
365 4492 447 4563 [τηνί]
461 4495 583 4565 Βσιοαγε
599 4499 603 4566 Ι
618 4498 658 4554 28
670 4493 906 4568 ἐζωγραφημέναι
922 4494 1015 4561 (μένοι
1027 4491 1056 4547 in
1068 4491 1143 4559 Rus.)
1155 4490 1188 4543 P¹
1207 4485 1445 4560 έζωγραφημένῆξ

137 4574 163 4627 Μ
178 4583 183 4643 Ι
199 4575 235 4630 27
257 4575 411 4644 καθήμεθα
429 4577 479 4632 FM
495 4579 500 4647 Ι
515 4576 715 4652 ἐξηνθισμέναι
737 4585 772 4637 1³³
789 4581 851 4644 (wie
868 4582 893 4634 S.
905 4581 964 4646 222,
982 4577 1025 4646 23)
1041 4577 1045 4644 Ι
1062 4577 1101 4632 29
1118 4577 1173 4630 καί·
1185 4573 1285 4644 γάμων
1303 4570 1445 4644 ἐκτροπὰς

137 4676 179 4713 am
198 4659 277 4713 Rand
295 4659 328 4713 F¹
343 4663 347 4729 Ι
362 4658 506 4737 ὑποβολὰς
525 4666 612 4722 Cobet
629 4669 700 4726 4801
715 4665 849 4738 διαβολὰς
867 4666 888 4718 P
