3510 5474
427 474 609 544 Paedegegus
626 475 660 530 II.
678 476 742 545 Cap.
761 475 807 530 111.
825 477 867 542 38,
884 477 1000 547 2—Cap.
1018 475 1063 530 IV.
1081 478 1123 544 40,
1141 479 1165 532 2.
1391 482 1448 544 181

136 637 266 719 ταύτας
288 634 421 726 άλύγως
437 657 597 727 γυναῖκας
611 645 736 727 χρυσοῦ
750 651 922 710 ποιεῖσθαι
938 647 1012 712 τῶν
1027 645 1209 726 έκκρίσεων
1233 638 1274 710 τὰ
1290 643 1448 726 έκδοχεῖα,

136 735 184 820 ῶς
199 743 283 826 μηδὲ
299 733 558 826 άποτρίψασθαι
574 738 652 823 ἐξὸν
666 757 740 821 ταῖς
755 748 933 822 πλουσίαις
947 739 992 829 μὴ
1008 745 1273 828 τετυφωμένως·
1299 737 1447 828 ηὐξάμην

136 835 168 908 δ’
202 835 245 908 ἂν
276 836 392 922 αύτοῖς
420 835 499 926 παρ’
531 830 615 908 ύλον
647 836 709 909 τὸν
739 847 815 922 βίον
846 838 1025 925 σκυβάλων
1062 839 1158 926 άξιον
1193 846 1367 928 κρίνεσθαι
1406 836 1446 908 τὸ

134 946 282 1026 χρυσίον.
326 947 400 1009 νυνὶ
423 945 457 1008 δὲ
479 933 499 1024 ἡ
522 933 707 1026 άκρύπολις
730 944 790 1026 τῆς
811 947 929 1022 κακίας
957 937 977 1028 ἡ
1001 944 1201 1027 φιλαργυρία
1223 933 1374 1026 εύρηται,
1403 934 1480 1026 ἣν3

101 1053 117 1106 5
135 1033 155 1109 δ
177 1033 373 1121 ἀπόστολος
394 1040 490 1126 ῥίζαν
512 1032 680 1106 ἁπάντων
701 1037 785 1108 εἶναι
808 1046 882 1110 τῶν
905 1047 1022 1111 κακῶν
1046 1048 1156 1128 φησίν,
1181 1031 1239 1126 »ἧς
1260 1065 1350 1119 τινες
1372 1033 1445 1125 δρε-

134 1135 273 1226 γύμενοι
295 1133 589 1227 ἀπεπλανήθησαν
611 1143 672 1225 τῆς
686 1143 834 1220 πίστεως
852 1145 907 1208 καὶ
923 1139 1065 1222 ἑαυτούς
1081 1147 1296 1227 περιέπειραν
1310 1133 1446 1217 ὀδύναις

134 1247 309 1318 πολλαῖςτ.
339 1244 490 1320 πλοῦτος
513 1241 548 1307 δὲ
571 1235 709 1323 ἄριστος
732 1231 752 1325 ἦ
774 1243 847 1308 τῶν
863 1243 1055 1328 ἐπιθυμιῶν
1077 1248 1175 1309 πενία
1189 1248 1244 1310 καὶ
1267 1234 1287 1326 ἡ
1308 1246 1479 1326 μεγαλα-4

135 1335 291 1425 φροσύνη
314 1333 334 1426 ἦ
356 1334 503 1426 άληθῆς,
535 1333 577 1408 ού
603 1333 644 1406 τὸ
676 1341 730 1407 ἐπὶ
761 1335 904 1426 πλούτῳ
937 1349 1219 1427 μεγαλοφρονεῖν,
1256 1336 1382 1408 τούτου
1414 1343 1448 1407 δε

133 1455 377 1524 καταφρονεῖν·
409 1435 449 1507 τὸ
482 1442 518 1506 δὲ
548 1439 603 1506 ἐπὶ
634 1454 706 1517 τοῖς
740 1433 868 1507 σκεύεσι
898 1450 1117 1527 μεγαλαυχεῖν
1148 1437 1286 1528 αίσχρόν
1315 1444 1448 1526 κομιδῇ·

81 1551 115 1604 10
134 1531 178 1607 ού
198 1535 262 1624 γὰρ
284 1532 484 1622 σπουδάζειν
510 1536 560 1605 ἔτι
582 1544 659 1625 περὶ
682 1533 819 1608 τούτων
845 1533 937 1608 πάνυ
955 1542 1098 1620 δίκαιον,
1130 1536 1151 1609 ά
1181 1546 1235 1608 καὶ
1263 1544 1297 1624 ἐξ
1323 1535 1448 1627 άγοράς

133 1641 186 1723 τῷ
218 1642 416 1725 βουλομένῳ
448 1639 576 1721 ἔξεστιν
602 1631 815 1725 ῶνήσασθαι,
843 1645 946 1722 σοφία
974 1643 1009 1707 δὲ
1036 1634 1097 1708 ούκ
1124 1635 1243 1727 ῶνητὴ
1271 1646 1448 1723 νομίσματι

131 1740 241 1823 γηΐνῳ
265 1731 340 1805 οὐδ’
363 1739 400 1807 έν
423 1731 548 1827 άγορςῖ,
576 1731 650 1806 ἄλλ’
677 1740 714 1806 έν
742 1730 876 1824 ούρανῷ
899 1733 1124 1824 πιπράσκεται
1145 1746 1201 1808 καὶ
1222 1735 1447 1825 πιπράσκεται

132 1843 315 1923 νομίσματι
337 1840 465 1926 δικαίῳ,
489 1843 540 1926 τῷ
563 1830 656 1924 λόγῳ
680 1841 731 1924 τῷ
754 1830 937 1922 άφθάρτφ,
959 1843 1010 1925 τῶ
1039 1843 1202 1928 βασιλικῷ
1223 1845 1382 1926 χρυσίωί

394 2088 448 2152 IV.
470 2089 549 2166 Πῶς
570 2081 632 2172 χρὴ
654 2087 729 2170 περὶ
753 2081 813 2165 τὰς
835 2079 998 2166 ἑστιάσεις
1020 2081 1182 2156 άνίεσθαι.
1462 2103 1546 2158 1921)

78 2267 112 2316 15
214 2243 364 2319 Ἀπέστω
396 2252 431 2317 δὲ
457 2243 535 2337 ἡμῖν
560 2254 622 2336 τῆς
652 2253 789 2336 λογικῆς
819 2243 962 2336 εὐωχίας
993 2245 1012 2320 ὁ
1043 2257 1172 2338 κῶμος,
1207 2247 1294 2323 ἀλλὰ
1325 2259 1379 2322 καὶ
1411 2256 1444 2323 αί
1461 2263 1527 2329 40,1

130 2352 333 2435 παννυχίδες
354 2349 387 2418 αί
409 2345 547 2436 μάταιοι
577 2350 632 2417 έπὶ
654 2356 812 2438 παροινίᾳ
833 2356 999 2438 κομῶσαι·
1032 2344 1050 2420 3
1077 2357 1137 2438 μὲν
1167 2348 1229 2439 γάρ
1252 2355 1323 2422 ἐστι
1344 2363 1445 2439 μεθυ-

131 2445 248 2530 στικὸς
278 2443 402 2533 [αύλὸς]
433 2446 528 2528 άλυς,
565 2451 729 2534 ἐρωτικῆς
765 2447 959 2538 σχεδιαστὴς
991 2445 1187 2540 άδημονίας,
1225 2447 1243 2523 ὁ
1280 2460 1407 2539 κῶμος·
1441 2528 1443 2537 ,

131 2548 220 2634 ἔρως
242 2550 277 2616 δὲ
299 2553 355 2616 καὶ
375 2551 479 2635 μέθη,
508 2545 551 2617 τά
570 2543 732 2634 άλόγιστα
754 2545 866 2634 πάθη,
898 2547 1030 2636 μακράν
1062 2545 1253 2640 άπορκισται
1284 2558 1347 2622 τοῦ
1373 2547 1446 2641 ἦμε·
1464 2568 1527 2621 IIS

131 2652 243 2717 δαποῦ
272 2652 388 2734 χοροῦ·
430 2645 606 2735 σύγκωμος
641 2652 676 2716 δὲ
711 2654 871 2733 παροινία
910 2657 962 2730 τίς
1002 2653 1094 2720 ἐστιν
1131 2647 1152 2740 ἦ
1188 2658 1350 2740 παννυχίς
1388 2657 1445 2737 [δὲ]

77 2761 112 2814 20
130 2749 187 2816 ἐπὶ
209 2743 317 2834 πάτῳ,
340 2751 448 2834 μέθης
473 2745 651 2835 ἐκκλητικὴ
674 2752 730 2816 καὶ
755 2754 932 2828 συνουσίας
956 2748 1158 2840 ίρεθιστικῆ,
1182 2751 1291 2840 τόλμα
1314 2758 1445 2840 αίσχρο·

129 2842 240 2926 ποιάς.
283 2845 314 2914 οί
336 2849 372 2914 δὲ
394 2848 431 2915 έν
453 2841 568 2926 αύλοῑς
589 2853 644 2914 καὶ
667 2853 870 2934 φαλτηρίοις
892 2853 946 2916 καὶ
967 2867 1082 2935 χοροῖς
1103 2857 1160 2920 καὶ
1183 2845 1366 2939 δρχὴμασιν
1388 2857 1443 2921 καὶ
1461 2871 1478 2924 2

130 2939 315 3034 κροτάλοις
350 2950 550 3033 Αἰγυπτίων
579 2952 635 3014 καί
667 2943 841 3027 τοιαύταις
873 2947 1054 3036 ῥᾳθυμίαις
1085 2947 1182 3021 σάλοι
1212 2950 1357 3020 ἄτακτοι
1386 2957 1442 3019 καὶ

133 3039 296 3131 άπρεπεῖς
323 3051 378 3114 καὶ
401 3040 599 3115 άπαίδευτοι
620 3052 741 3132 κομιδῇ
764 3051 937 3132 γίγνοιντο
961 3043 1003 3115 Iis
1024 3045 1207 3134 κυμβάλοις
1237 3057 1292 3118 καὶ
1315 3046 1444 3136 τυμπά-
1488 3141 1490 3144 ι
1515 3118 1520 3130 ,

132 3171 207 3225 νοις
243 3141 460 3232 ἐξηγούμενοι
490 3151 544 3213 καὶ
583 3163 656 3226 τοῖς
693 3149 754 3230 τῆς
786 3139 919 3234 άπάτης
951 3140 1107 3234 ὀργάνοις
1137 3146 1442 3236 περιψοφούμενοι·

77 3265 110 3319 25
131 3239 284 3329 άτεχνῶς
306 3239 383 3331 γάρ,
416 3239 463 3325 ῶς
494 3245 566 3334 ἐμοὶ
597 3249 701 3326 δοκεῖ,
733 3248 883 3331 θέατρον
913 3250 1020 3334 μέθης
1052 3244 1092 3316 τὸ
1125 3254 1288 3320 τοιοῦτον
1318 3255 1444 3335 γίνεται

217 3378 311 3450 θτςΙ.
330 3379 402 3435 Phil.
421 3383 445 3447 3,
463 3381 480 3435 8
497 3412 530 3419 -
549 3383 567 3437 4
587 3399 619 3435 zu
638 3381 739 3435 diesem
757 3381 830 3448 Bias,
858 3381 936 3446 Bion,
954 3383 1099 3453 Diogenes,
1118 3385 1268 3450 Demokrit,
1287 3386 1442 3442 Demein'ns

128 3463 380 3534 mgesehriebenen
398 3464 479 3548 Went
496 3466 552 3536 vgl.
570 3465 661 3521 Hense
679 3483 706 3534 p.
723 3467 773 3520 417
792 3484 825 3520 zu
840 3466 914 3522 Stob.
928 3467 998 3524 βίοι.
1018 3471 1057 3532 10,
1070 3470 1104 3524 38
1117 3471 1212 3537 Mein.;
1241 3471 1392 3527 Sternbaeh
1411 3489 1444 3526 eu

128 3549 228 3604 Gnom.
247 3547 335 3602 Vatia
348 3550 406 3605 265.
439 3548 559 3605 Ahnlieh
577 3551 675 3606 Sirom.
696 3549 746 3603 VII
760 3551 830 3616 33,4
848 3552 1024 3622 μητρόπολις
1040 3557 1143 3621 κακίας
1160 3556 1253 3625 ἡδονή.
1290 3560 1346 3611 Ααε
1358 3555 1443 3611 Clam.

127 3633 238 3702 sehepft
248 3631 401 3703 Theophyl.
414 3633 561 3689 similist.
575 3635 638 3689 VIII
652 3637 666 3687 7
680 3651 707 3704 p.
720 3637 777 3696 ⁸295.
789 3635 885 3688 21fde
898 3637 970 3692 Boor
981 3667 1015 3676 -
1029 3639 1099 3695 5-7
1112 3641 1201 3696 ITim.
1215 3645 1238 3704 6,
1250 3643 1283 3696 10
1299 3671 1332 3680 -
1354 3643 1367 3695 7
1389 3641 1443 3710 ng.

127 3718 203 3772 Stob.
222 3717 294 3772 Flet.
313 3721 352 3781 17,
365 3721 396 3774 31
411 3718 492 3772 Mein.
511 3720 546 3789 (p.
559 3720 648 3783 497‚9
666 3719 766 3787 Hense)
785 3719 943 3792 Σωκράτης
967 3719 1124 3794 ἐρωτηθείς
1141 3731 1202 3792 πῶς
1219 3721 1255 3782 ἂν
1273 3723 1385 3795 γένοιτό
1403 3743 1445 3790 τις

127 3799 272 3866 πλούσιος,
294 3799 335 3857 »εἰ
344 3808 402 3858 τῶν
415 3799 588 3873 ἐπιθυμιῶν
602 3799 655 3875 ἔφη
672 3800 728 3873 »τίη
746 3803 856 3873 πένηςι.
888 3805 1079 3876 Waehsmuth,
1098 3809 1213 3865 Studien
1225 3828 1258 3864 zu
1277 3811 1330 3864 den
1342 3810 1444 3880 griech.

126 3884 199 3940 Flor.
217 3903 243 3956 p.
256 3887 306 3940 214
318 3891 398 3943 Anm.
412 3890 439 3952 13
457 3889 617 3955 seambach,
643 3890 741 3944 Gnom.
761 3889 852 3943 Vetic.
865 3891 915 3945 463
928 3921 961 3931 -
975 3893 989 3946 ί
1011 3895 1135 3959 πλοῦτος
1147 3925 1179 3934 -
1191 3896 1276 3952 πενία
1295 3896 1367 3950 Saer.
1381 3895 1443 3948 Par,

125 3970 177 4026 189
190 3969 268 4035 Holl;
287 3973 423 4029 Auianius
435 3973 545 4028 Melissa
561 3991 588 4044 p.
604 3974 638 4030 38
650 3974 753 4028 Gesner
770 4002 803 4014 -
824 3975 922 4030 15—8.
938 3977 1005 4044 182,
1021 3980 1036 4033 l
1056 3979 1111 4048 vgl.
1129 3980 1192 4034 laid„
1206 3981 1294 4034 Peles.
1307 3980 1357 4049 Ep.
1370 3981 1381 4032 I
1394 3980 1444 4034 456

126 4053 254 4122 ίίῶμδς
272 4050 366 4110 ἐστιν
445 4057 654 4127 μεθυστικδς
672 4055 789 4124 αὐλάς,
814 4055 1030 4129 έγχρονίζοντος
1048 4058 1136 4132 οἴνου,
1155 4061 1294 4134 ἐρεθίζων
1312 4065 1364 4130 τὴν
1383 4065 1443 4130 iidv-

125 4137 252 4195 πάθειαν
278 4141 326 4195 καί
352 4139 499 4214 θέατρον
520 4137 650 4213 άσχημον
676 4149 767 4198 ποιῶν
793 4141 826 4196 τδ
854 4145 1064 4212 συμπόσιον,
1090 4146 1286 4218 κυμβάλοις
1311 4151 1367 4203 τισί
1395 4149 1444 4202 καί

126 4220 301 4294 ὀργάνοις
318 4223 451 4295 ἀπάτης
467 4225 654 4298 καταθέλγων
671 4226 738 4294 τοὺς
754 4228 935 4296 δαιτυμόνας.

214 4344 229 4397 1
250 4339 404 4416 ἐκκρίσεων
421 4345 442 4398 θ
460 4343 597 4418 έκρίσεωυ
614 4344 664 4399 ΡΜ
689 4347 693 4415 1
717 4347 737 4403 8
755 4343 853 4411 αίταῖς
870 4346 949 4401 Schw
965 4353 968 4415 Ι
987 4351 1021 4404 17
1045 4347 1151 4419 [αὐλάς]
1170 4349 1204 4402 Di
1222 4349 1259 4403 im
1278 4349 1358 4404 Thes.
1378 4369 1397 4404 s.
1417 4369 1441 4405 v.

126 4428 292 4498 σχεδιαστής
307 4429 311 4494 Ι
327 4433 394 4496 αλυς
411 4430 453 4498 ΡΙ
469 4432 632 4500 σχεδιαστὴς
649 4431 822 4486 Valckenaer
839 4431 878 4484 im
895 4432 974 4488 Thes.
992 4453 1012 4488 e.
1031 4453 1057 4489 v.
1076 4435 1187 4503 σχεδίας
1204 4441 1253 4502 τῆς
1272 4435 1292 4486 Ρ
1309 4438 1313 4502 Ι
1332 4437 1369 4490 le
1389 4453 1441 4490 ιτα-

125 4514 220 4584 ροινία
237 4512 280 4576 τίς
297 4509 371 4568 έοτιν
390 4513 437 4568 Wi
459 4515 589 4585 παρωδιά
609 4515 657 4582 ff*
683 4517 806 4588 παροδιά
824 4517 903 4569 Peon
922 4516 980 4587 ΡΜ)
1007 4520 1048 4584 τίς
1075 4515 1149 4574 ἐστιν
1176 4519 1311 4590 παροινία
1329 4519 1440 4585 (PeorrF

124 4597 274 4668 παροινίαι
292 4596 372 4666 Ρ*Μ)
390 4597 472 4666 Hes}
491 4599 529 4654 Ιθ
547 4597 595 4669 [δὲ]
615 4599 661 4654 Wi
677 4603 680 4667 I
697 4601 734 4655 21
756 4598 784 4656 οί
803 4602 911 4659 Menzel
931 4602 958 4662 εί
974 4605 997 4658 Ρ
1020 4609 1024 4672 Ι
1048 4604 1087 4661 22
1105 4602 1258 4676 κροτάλοις
1275 4604 1354 4659 Sehw
1373 4604 1437 4674 κρδ-

123 4699 184 4746 τοις
200 4679 222 4733 Ρ
239 4683 243 4748 Ι
259 4679 341 4736 σάλοι
359 4682 438 4736 Sehw
455 4679 537 4739 άλύοι
562 4683 620 4752 λύοι
637 4683 666 4737 in
684 4685 757 4754 Res.)
776 4687 811 4740 1³²
825 4692 829 4754 Ι
845 4683 964 4745 ίίτακτοι
983 4689 1129 4745 Markland
1147 4686 1282 4754 ἀτάκτοις
1299 4690 1321 4743 Ρ
