3520 5480
491 426 672 497 paedagogus
689 427 736 480 ΙΙΙ.
754 427 819 496 Cap.
837 428 896 482 XII.
916 431 958 496 91,
976 431 1068 498 1-81,
1085 433 1110 484 2.
1390 435 1452 498 237

135 600 201 680 μὲν
230 595 398 680 χρηστέον
421 587 469 672 ως
491 591 635 672 ἑαυτοῖς.
677 588 862 676 ἄνθρωποι
893 587 955 678 γάρ
988 595 1070 662 εἰσιν
1100 588 1148 674 οἱς
1178 587 1283 679 ἡμεῖς·
1329 586 1367 662 »ό
1385 591 1450 681 γάρ

136 691 221 775 θεὸς
235 697 326 774 πᾶσι,
350 707 422 772 τοῖς
437 693 629 776 ἐλευθέροις
644 697 699 758 καὶ
714 697 824 776 τσῐσ<ι
850 690 993 773 δούλοις.
1009 697 1110 772 ἐστίν,
1131 689 1174 761 ἂν
1188 699 1326 780 σκοπῇς.
1348 696 1446 774 ίσος.ι

137 797 247 862 δεῖδὲ
268 797 324 860 καὶ
345 790 427 872 τούς
456 795 739 878 πλημμελοῦντας
769 797 842 860 τῶν
863 797 1011 862 οἰκετῶν
1032 789 1074 861 ού
1094 788 1259 877 κολάζειν,
1289 797 1449 879 ἐπιτιμᾶν
1465 819 1530 884 9η]

136 897 187 960 δέ·
242 885 279 960 »ὁ
313 888 376 978 γάρ
407 887 636 976 φειδόμενοςι.
668 897 759 976 φησί,
793 896 873 978 »τῆς
902 899 1085 979 βακτηρίας
1115 892 1238 962 ἑαυτοῦ
1267 909 1356 979 μισεῖ
1385 891 1449 962 τὸν

97 989 263 1066 δέαυτοῦ
283 987 388 1059 υίόν.«
434 990 484 1058 ἔτι
515 985 580 1074 τὴν
610 994 671 1076 μὲν
701 994 902 1074 φιλοδοξίαν
933 986 1201 1078 άποσκορακίζει,
1246 987 1340 1060 »ούαὶ
1361 986 1482 1078 ύμῖνῑ.)

139 1097 345 1176 Φαρισαίοιι,
367 1094 486 1177 λέγων,
512 1081 584 1158 »ότι
607 1084 759 1176 άγαπάτε
783 1089 848 1176 την
868 1095 1179 1178 πρωτοκαθεδρίαν
1193 1093 1231 1160 έν
1254 1107 1328 1172 ταῖς
1350 1113 1448 1160 συνα-

136 1205 264 1277 γωγαῖς
284 1195 340 1258 καὶ
362 1189 443 1268 τούς
466 1184 661 1274 άσπασμούς
682 1191 719 1256 έν
743 1207 815 1267 ταις
837 1183 998 1275 ἀγοραῖςι
1043 1189 1108 1278 τὴν
1129 1194 1165 1259 δὲ
1186 1185 1370 1277 μετάνοιαν
1384 1194 1480 1260 τοῦθ

136 1285 346 1376 άμαρτωλοῦ
368 1283 566 1372 ἀσπάζεται,
588 1285 654 1373 τὴν
676 1285 845 1374 ἑπομένην
866 1303 939 1368 ταῖς
961 1283 1139 1376 ἁμαρτίαις
1159 1285 1345 1375 μετάνοιαν
1371 1284 1448 1376 ἀγα-

135 1397 233 1459 πῶν·
255 1385 361 1476 μόνος
383 1385 446 1476 γὰρ
470 1381 709 1474 ἀναμάρτητος
731 1381 835 1468 αύτὸς
858 1381 876 1456 ό
899 1383 1012 1475 λόγος·

79 1541 117 1594 10
369 1517 410 1590 τὸ
432 1526 493 1606 μὲν
516 1517 603 1606 (γάρ)
626 1515 867 1606 ἐξαμαρτάνειν
889 1514 1015 1590 άπασιν
1037 1523 1187 1608 ἔμφυτον

368 1625 423 1688 καὶ
446 1615 573 1698 κοινόν,
595 1612 799 1706 ἀναδραμεῖν
821 1622 857 1688 δὲ
879 1617 943 1707 τὴν
965 1613 1133 1708 ἁμαρτίαν

369 1714 410 1788 ού
431 1724 493 1788 τοῦ
516 1714 679 1804 τυχόντος
702 1712 832 1803 άνδρός,
855 1714 942 1790 άλλά
964 1713 1152 1808 ἀξιολόγου.

134 1860 214 1939 περὶ
244 1857 280 1922 δὲ
310 1858 372 1942 τῆς
400 1847 614 1936 μεταδόσεως
643 1857 774 1923 »δεῦτει
805 1853 876 1923 εἷπε
908 1849 1011 1937 »πρός
1036 1881 1075 1940 με
1098 1849 1225 1935 πάντες
1253 1855 1285 1923 οἱ
1308 1849 1479 1942 ennom-⁴

134 1958 242 2040 μένοι,
264 1947 541 2041 κληρονομήσατε
570 1949 634 2040 τὴν
661 1947 908 2041 ἡτοιμασμένην
938 1947 1015 2040 ύμῖν
1044 1958 1214 2034 βασιλείαν
1245 1947 1313 2023 άπὸ
1344 1981 1445 2023 κατα·

79 2074 116 2127 15
134 2057 240 2140 βολῆς
261 2047 396 2140 κόσμου.
427 2055 586 2122 έπείνασα
607 2051 670 2138 γὰρ
691 2059 746 2122 καὶ
768 2050 940 2122 δεδώκατέ
969 2079 1026 2139 μοι
1058 2068 1188 2140 φαγεῖν,
1219 2055 1360 2142 ίδίηηοα
1389 2057 1445 2123 καὶ

134 2155 318 2222 ἐποτίσατέ
337 2179 386 2239 με,
410 2155 505 2236 ξένος
528 2147 616 2239 ἤμην
637 2157 692 2220 καὶ
715 2146 920 2240 συνηγάγετέ
940 2177 988 2239 με,
1010 2150 1134 2239 γυμνὸς
1155 2157 1211 2221 καὶ
1232 2147 1448 2240 περιεβάλετέ
1493 2209 1500 2224 .

133 2279 183 2339 με.
207 2246 354 2339 ἀσθενὴς
375 2258 430 2320 καὶ
461 2254 692 2334 ἐπεσκέψασθέ
716 2279 764 2339 με,
796 2255 832 2321 ἐν
859 2257 993 2338 φυλακῇ
1020 2247 1107 2339 ἤμην
1133 2257 1189 2321 καὶ
1212 2247 1336 2339 ἤλθετε
1358 2247 1445 2338 πρός

132 2378 201 2437 με.ι
248 2355 303 2422 καὶ
325 2345 411 2420 πότε
435 2379 469 2420 τι
492 2347 628 2419 τούτων
651 2357 701 2440 τῷ
724 2356 830 2438 κυρίῳ
857 2347 1089 2440 πεποιήκαμεν
1112 2347 1218 2439 ἦμεῑς;
1249 2347 1351 2432 αύτὸς
1377 2354 1477 2438 έρείῡ

133 2449 240 2526 πάλιν
263 2446 281 2521 ό
304 2447 520 2538 παιδαγωγὸς
542 2448 609 2540 τὴν
632 2445 785 2521 εύποιίαν
817 2457 894 2536 [καὶ]
927 2455 1001 2519 τῶν
1032 2444 1193 2537 ἀδελφῶν
1225 2445 1444 2539 άγαπητικῶς

78 2569 115 2622 20
134 2558 182 2634 είς
207 2549 330 2622 ἑαυτὸν
357 2555 580 2638 μετατρέπων
601 2555 657 2618 καὶ
680 2555 800 2638 λέγων·
841 2545 911 2636 »ἐφ’
936 2543 1020 2620 ὅσον
1034 2547 1213 2640 ἐποιήσατε
1230 2569 1302 2634 τοις
1315 2568 1445 2640 μικροῖς

134 2649 284 2732 τούτοις,
316 2653 388 2738 ἐμοὶ
419 2645 607 2735 ἐποιήσατε.
654 2654 708 2718 καὶ
746 2644 992 2721 ἀπελεύσονται
1027 2653 1059 2719 οί
1094 2657 1248 2721 τοιοῦτοι
1282 2655 1327 2732 είς
1355 2649 1446 2738 ζωὴν

133 2748 304 2820 αίαόνιον.«

223 2853 350 2920 ίόιοίδε
380 2854 440 2936 μὲν
472 2851 504 2919 οί
535 2854 664 2935 λογικοὶ
694 2845 799 2937 νόμοι,
837 2851 869 2919 οἱ
899 2855 1146 2936 παρακλητικοὶ
1177 2844 1272 2934 λόγοι
1309 2845 1371 2920 ούκ
1407 2853 1526 2920 ίν94ιὶ

132 2955 235 3036 πλαξὶ
276 2955 425 3028 λιθίναις
461 2945 621 3036 δακτύλῳ
656 2955 897 3037 γεγραμμέναις
936 2956 1068 3034 κυρίου,
1105 2943 1184 3018 ἀλλ’
1221 2951 1258 3017 έν
1293 2952 1443 3033 καρδίαις

78 3067 113 3120 25
132 3045 336 3136 άνθρώπων
358 3050 683 3136 ἐναπογεγραμμένοι
705 3066 779 3130 ταις
804 3044 912 3137 μόνον
934 3046 1073 3135 φθορὰν
1099 3042 1160 3118 ούκ
1187 3049 1443 3136 ἐπιδεχομέναις.

132 3149 189 3220 διὰ
220 3144 324 3218 τοῦτό
356 3175 410 3218 τοι
440 3141 642 3234 κατεάγασιν
668 3149 702 3217 αἱ
732 3144 860 3230 πλάκες
897 3154 970 3216 τῶν
1009 3152 1294 3238 σκληροκαρδίαν,
1326 3141 1372 3216 ἵν’
1409 3151 1442 3217 αί

131 3257 264 3330 πίστεις
285 3253 359 3316 τῶν
382 3253 515 3332 νηπίων
541 3248 577 3314 έν
603 3257 794 3334 μαλθακαῖς
819 3254 1030 3318 τυπωθῶσιν
1057 3254 1228 3326 διανοίαις.
1276 3243 1379 3334 άμφω
1407 3251 1442 3316 δὲ

133 3347 185 3418 τώ
210 3343 304 3434 νόμω
328 3342 508 3434 διηκόνουν
536 3351 586 3434 τῷ
615 3344 708 3436 λόγῳ
735 3353 782 3431 είς
808 3353 1042 3435 παιδαγωγίαν
1070 3353 1130 3436 τῆς
1157 3341 1442 3435 άνθρωπότητος,

133 3441 153 3516 ό
175 3451 237 3534 μὲν
258 3443 313 3516 διὰ
329 3450 510 3530 Μωυσέως,
533 3440 551 3514 ό
568 3451 602 3515 δὲ
619 3442 658 3515 δι’
675 3443 891 3520 ἀποστόλων.
924 3450 978 3518 οἵα
992 3452 1074 3536 γοῦν
1089 3455 1144 3516 καὶ
1167 3440 1211 3516 δι’
1235 3441 1443 3517 άποστόλοιν
1459 3467 1475 3520 2

220 3633 263 3688 11
278 3632 420 3687 vielleicht
437 3649 485 3686 aus
506 3633 669 3700 Menander;
687 3635 742 3705 vgl.
761 3635 898 3704 Βγπείετ,
917 3634 1009 3690 Journ.
1030 3634 1061 3690 of
1076 3632 1176 3688 Philol.
1196 3634 1228 3688 10
1246 3632 1333 3702 (1881)
1351 3650 1377 3703 p.
1396 3634 1442 3696 683

132 3717 219 3782 Blass,
237 3716 394 3771 Hermes35
407 3719 493 3784 (1900)
512 3715 536 3770 8.
550 3719 598 3772 341
618 3749 651 3758 -
668 3719 710 3775 4t
724 3720 804 3775 Prov.
824 3721 864 3784 13,
877 3721 910 3773 24
923 3749 954 3758 -
968 3719 1038 3774 5-7
1060 3718 1126 3772 Luk.
1139 3720 1179 3780 11,
1191 3719 1225 3772 43
1243 3746 1277 3757 -
1298 3719 1368 3773 7-0
1387 3719 1442 3787 vgl.

132 3801 231 3858 Ezech.
251 3801 291 3864 18,
310 3803 351 3856 23.
369 3803 418 3863 32;
445 3803 485 3862 33,
505 3806 535 3857 11
555 3831 588 3840 -
608 3803 672 3859 101
694 3805 750 3874 vgl.
770 3804 851 3858 Philo
868 3804 909 3858 De
926 3803 993 3874 fuga
1011 3807 1039 3858 εί
1055 3803 1110 3858 inv.
1131 3804 1178 3856 157
1197 3801 1221 3871 (I
1239 3819 1264 3872 p.
1283 3802 1389 3868 56911)
1408 3801 1441 3858 τὸ

130 3885 184 3954 μὲν
196 3883 284 3956 μηδὲν
296 3881 434 3956 ἁμαρτεῖν
447 3881 517 3940 ίδιον
528 3891 607 3950 θεοῦ,
625 3886 659 3943 τδ
672 3887 702 3944 δὲ
713 3897 865 3958 μετανοεῖν
877 3897 977 3959 σοφοῦ.
989 3918 1022 3928 -
1036 3887 1148 3944 10-12
1169 3885 1254 3940 Versa
1267 3885 1441 3950 Menandern

131 3973 187 4040 vgl.
207 3970 275 4027 ΘΑΓ
294 3971 331 4023 111
351 3989 376 4039 ρ.
394 3973 441 4026 251
461 3972 504 4053 ξ’ν.
521 3973 572 4026 993
592 3969 754 4044 »ἀνατρέχω
774 3974 845 4029 ίίίέν.
864 3970 928 4030 ἀντὶ
945 3981 995 4029 τοῦ
1013 3969 1141 4029 ἀναλύοι
1156 3970 1253 4027 Suidas
1271 3987 1295 4024 u.
1316 3971 1441 4026 Zonaras.

132 4057 190 4111 Auf
204 4072 302 4110 umero
320 4055 405 4109 stelle
423 4056 546 4125 bezogen
565 4074 617 4111 von
636 4057 723 4123 Blass‚
741 4059 853 4112 Hermes
872 4061 905 4114 85
924 4059 1011 4126 (1900)
1030 4058 1055 4112 S.
1074 4056 1143 4112 8401
1158 4085 1191 4096 -
1210 4055 1322 4110 18-18
1341 4055 1440 4109 Matth.

132 4143 173 4198 25.
192 4139 293 4196 34-36
311 4169 344 4178 -
363 4139 401 4194 18
420 4139 476 4210 vgl.
490 4140 588 4197 Matth.
607 4143 649 4200 25.
662 4145 762 4197 35-30
781 4173 813 4182 -
832 4144 947 4198 ‘zo—22
967 4142 1066 4196 Matth.
1084 4141 1124 4202 25,
1142 4142 1184 4196 40.
1202 4139 1235 4193 40
1253 4167 1286 4178 -
1305 4138 1370 4194 241
1385 4139 1440 4209 vgl.

133 4224 159 4277 ll
177 4223 242 4278 Kor.
260 4224 284 4288 3,
303 4225 332 4286 3;
351 4221 437 4280 Exod.
457 4227 497 4288 31,
517 4227 550 4280 18
567 4257 600 4265 -
619 4228 658 4283 20
675 4227 733 4296 νμλ.
752 4227 839 4282 Exod.
857 4229 897 4282 32.
918 4230 950 4284 19
968 4257 1000 4265 -
1020 4225 1083 4281 201
1104 4225 1158 4294 vgl.
1178 4223 1296 4277 Barnab.
1315 4221 1440 4294 11548

217 4375 234 4428 2
255 4375 326 4441 <τοι>
340 4382 410 4430 πᾶσι
422 4377 550 4445 Βγπαίετ
562 4381 647 4444 (τοίςὲ
662 4384 731 4434 πᾶσι
743 4378 820 4432 ΒΙαεε
836 4380 840 4442 Ι
855 4385 915 4443 τοῖς
930 4373 982 4446 μ’*
997 4373 1034 4431 έλ.
1047 4374 1125 4443 Byw.
1137 4373 1215 4428 Blaflfl
1231 4373 1234 4436 Ι
1250 4375 1350 4436 τοῖσδ’
1364 4373 1439 4442 Βίθ-

131 4458 211 4512 Βὶαεε
227 4458 265 4524 18
293 4456 422 4529 οἰκετῶν]
441 4459 570 4531 ἀδελφῶν
589 4463 618 4528 F,
645 4463 710 4518 aber
727 4469 785 4518 τῶν
812 4461 930 4518 οἰκετῶν
958 4479 1002 4515 am
1021 4458 1099 4514 Rand
1114 4458 1152 4526 15
1172 4454 1375 4526 ἀποκορακίζει
1394 4458 1437 4520 ΡΙ

133 4542 171 4595 10
197 4535 303 4598 ἅπασιν
322 4544 400 4598 Blass
427 4552 514 4601 πᾶσιν
541 4566 583 4602 am
604 4549 683 4604 Rund
704 4548 737 4600 P¹
753 4551 756 4606 ί
775 4548 812 4604 15
831 4543 970 4603 δεδώκατε
993 4545 1029 4598 P*
1048 4539 1171 4599 εδώκατε
1198 4541 1412 4608 ‹dausrad.)1’³
1434 4543 1439 4610 Ι

134 4625 170 4679 19
189 4627 238 4680 καί
256 4626 342 4682 durch
361 4629 470 4684 Punkte
488 4633 589 4701 getilgt
607 4633 642 4685 Ρ3
657 4636 661 4699 Ι
678 4633 716 4688 28
736 4629 777 4686 τὼ
795 4631 876 4700 νόμω
894 4631 970 4684 F¹M²
987 4635 1038 4685 τῶι
1056 4627 1147 4694 νόμωι
1165 4627 1271 4682 PF*M*
