3532 5470
743 351 776 400 A.
795 347 951 420 Zeugnisse.
1449 347 1497 400 XV

185 511 401 602 ἐποιήθησαν
432 517 467 580 δὲ
497 507 592 600 αύτῷ
624 513 656 580 αἱ
688 507 879 600 βλάσφημοι
911 504 1011 583 αὗται
1040 518 1277 598 τερατολογίαι
1307 514 1343 580 έν
1379 507 1498 598 τόμοις

186 608 289 682 ἀκταί.
333 616 422 698 λέγει
444 616 479 680 δὲ
501 617 556 681 καὶ
578 616 655 697 περὶ
685 617 761 680 ’τῶν
790 609 907 682 αύτιῐιν
936 608 1117 694 πολλάκις,
1151 618 1206 678 καὶ
1237 605 1413 698 σποράδην
1441 617 1499 679 καί.

185 717 440 800 συγκεχυμένως
462 706 576 797 ὥσπερ
599 713 793 799 ἔμπληκτος
815 709 959 800 παράγει
982 711 1025 781 τὰ
1040 707 1135 800 ῥητά.
1168 705 1186 780 6
1210 715 1245 781 66
1268 703 1348 790 όλος
1370 708 1499 791 σκοπός

186 809 309 882 εύσανεὶ
325 811 492 899 ἑρμηνεῖαι
509 807 710 897 τυγχάνουσι
725 815 786 898 τῆς
802 819 836 880 Γ
831 817 980 892 ενέσεως,
1002 816 1063 900 τῆς
1077 807 1222 895 Ἐξόδου,
1247 815 1319 878 τῶν
1341 816 1497 897 Ψαλμῶν,

186 919 251 982 τοῦ
287 917 386 982 θείου
416 907 553 980 Παύλου
588 917 663 981 τῶν
698 915 893 981 ἐπιστολῶν
928 917 982 980 καὶ
1016 917 1089 980 τῶν
1120 915 1320 979 καθολικῶν
1350 915 1404 977 καὶ
1436 917 1499 979 τοῦ

184 1008 454 1099 Ἐκκλησιαστοῦ.
496 1007 655 1098 μαθητής
677 1015 725 1093 δέ,
754 1007 802 1090 ως
824 1016 879 1080 καί
902 1005 1004 1090 αύτός
1027 1032 1124 1097 φησι,
1157 1014 1273 1098 γέγονε
1295 1013 1498 1079 Πανταίνου.

186 1108 275 1182 ἀλλὰ
307 1115 416 1181 ταῦτα
442 1115 504 1197 μὲν
531 1113 564 1179 αἱ
585 1105 843 1190 (λ’ποτυπαίσεις.
889 1122 956 1180 1111.
987 1105 1019 1178 ‘0
1041 1115 1076 1179 δὲ
1097 1106 1314 1198 Παιδαγωγός
1344 1112 1382 1177 έν
1412 1115 1500 1194 τρισὶ

186 1207 305 1299 τόμοις
327 1213 420 1279 ἐστίν
442 1205 537 1297 αύτῷ
560 1214 865 1297 διαπεπονημένος,
896 1205 1004 1297 ήθους
1034 1215 1089 1279 καὶ
1123 1216 1199 1293 βίου
1230 1205 1499 1296 κατορθωτικός.

186 1313 272 1410 ἔχει·
274 1313 310 1378 66
333 1307 469 1379 τούτων
490 1316 546 1379 καὶ
568 1305 826 1397 προηγούμενον
853 1315 908 1378 καὶ
935 1304 1214 1396 συνταττόμενον
1241 1305 1381 1394 λόγον(
1373 1308 1497 1395 έτερον

186 1411 271 1478 έν
246 1439 275 1497 φ
299 1407 364 1496 τήν
378 1402 554 1496 Ελλήνων
575 1413 734 1494 διελέγχει
758 1403 941 1496 ἀθεότητα.
973 1404 1071 1479 οὐδὲν
1094 1401 1170 1478 66⁰
1152 1436 1272 1497 ομοιον
1288 1409 1397 1493 έχουσι
1412 1406 1499 1492 πρὸς

186 1508 248 1590 τὰς
269 1504 522 1590 Ὺποτυπαίσεις
545 1497 642 1578 οὗτοι
665 1509 696 1576 σί
719 1503 827 1594 λόγοι
859 1517 933 1578 τῶν
954 1537 993 1578 τε
1015 1508 1076 1596 γάρ
1098 1514 1253 1596 ματαίων
1274 1512 1328 1576 καὶ
1350 1502 1498 1593 βλασφη-

186 1637 264 1697 μων
285 1601 539 1697 ἀπηλλαγμένοι
562 1613 674 1692 δοξῶν
696 1604 924 1696 καθεστήκασι
945 1614 1002 1677 καὶ
1024 1604 1044 1697 ή
1068 1603 1188 1695 φράσις
1215 1600 1349 1694 ἀνθηρά
1374 1611 1429 1674 καὶ
1452 1611 1497 1685 είς

188 1702 293 1795 όγκαν
317 1703 450 1796 ήρμένη,
474 1705 663 1794 σύμμετρον
684 1706 768 1795 μετὰ
792 1713 854 1777 τοῦ
876 1703 988 1796 ἡδέος,
1019 1715 1075 1780 καί
1101 1705 1121 1795 6
1148 1703 1359 1793 πολυμάθεια
1382 1709 1498 1793 έμπρέ·

187 1834 309 1879 πουσα.
352 1806 553 1897 μνημονεύει
576 1812 612 1878 δὲ
633 1806 720 1896 πρὸς
743 1813 792 1895 τῷ
816 1812 906 1877 τέλει
928 1816 983 1877 καὶ
1005 1813 1079 1893 περὶ
1103 1801 1256 1877 εἰκόνων.
1302 1818 1367 1874 111.
1402 1806 1440 1872 Οί
1463 1810 1498 1873 δὲ

187 1916 411 1994 Στρωματετς
442 1912 503 1976 είσι
532 1912 594 1994 μὲν
623 1913 679 1975 καὶ
710 1902 807 1976 αύτοὶ
833 1911 870 1976 ἐν
894 1902 986 1978 όκτδι
1015 1903 1128 1995 λόγοις
1149 1902 1229 1976 καθ’
1250 1900 1421 1992 Ἑλλήνων
1443 1911 1497 1972 καὶ

188 2011 350 2096 αἱρέσεων
373 2005 437 2077 τόν
459 2002 577 2094 ἀγῶνα
599 2011 877 2094 εἰσενηνεγμένοι,
910 2004 1084 2096 σποράδην
1106 2012 1141 2076 δὲ
1163 2011 1218 2075 καί
1242 2001 1355 2090 ὥσπερ
1379 1999 1439 2074 ούκ
1462 2007 1498 2073 ὲν

187 2104 278 2192 τάξει
309 2104 374 2192 τήν
408 2112 481 2176 τῶν
511 2114 709 2192 κεφαλαίων
738 2103 928 2193 παράθεσιν
951 2103 1130 2177 κάνταῦθα
1155 2123 1316 2184 ποιεῖται,
1348 2111 1403 2172 καὶ
1434 2102 1499 2191 τήν

188 2213 300 2277 αἰτίαν
316 2203 431 2291 ὥσπερ
447 2199 630 2286 ἀποδιδούς
645 2209 681 2275 έν
697 2211 746 2293 τῷ
763 2211 852 2276 τέλει
868 2214 930 2278 τοῦ
946 2203 1089 2295 ἑβδόμου
1111 2201 1226 2292 λόγουΙ
1238 2201 1354 2284 αύταῑς
1370 2208 1498 2288 λέξεσιν

188 2301 301 2386 ούτως
323 2311 410 2392 λέγει
432 2309 559 2389 (Strom.
575 2308 635 2375 Vll
653 2311 723 2392 1111)
750 2303 906 2377 »τούτων
929 2302 1006 2394 ήμῐν
1028 2310 1340 2396 προδιηνυσμένων,
1363 2310 1419 2371 καὶ
1437 2308 1499 2371 τού

190 2403 312 2495 ήθικσύ
343 2402 452 2474 τύπου
483 2401 531 2485 είς
561 2408 598 2474 έν
628 2413 826 2492 κεφαλαίοις
856 2403 1130 2493 ύπογραφέντος,
1162 2401 1336 2492 σποράδην
1367 2430 1418 2482 τε,
1451 2431 1499 2480 ως

188 2443 419 2594 ύπεσχήμεθα,
456 2512 510 2574 καὶ
540 2510 778 2600 διερριμμένως
809 2505 852 2576 τά
885 2505 1023 2594 ζώπυρα
1054 2512 1115 2594 τής
1152 2501 1304 2592 ἀληθοῦς
1340 2501 1499 2589 γνωσεως

190 2601 529 2726 ε’γκατασπειράντων
559 2603 756 2693 μαθήματα,
788 2635 836 2686 ως
864 2605 909 2694 μή
941 2612 1057 2696 ῥαδίαν
1089 2607 1175 2675 εἶναι
1202 2611 1251 2692 τῷ
1283 2598 1499 2687 περιτυχόντι

190 2712 265 2774 τῶν
294 2700 457 2793 ἀμυήτων
483 2701 553 2825 τήν
584 2711 658 2774 τῶν
688 2700 796 2793 άγίων
824 2697 971 2793 εύρεσινι
997 2711 1051 2775 καὶ
1075 2706 1156 2794 ίξής.
1200 2733 1220 2791 η
1251 2710 1312 2788 μὲν
1344 2703 1406 2771 οὐν
1436 2707 1499 2770 τοῦ

191 2809 428 2892 διερριμμένως
450 2799 537 2874 αύτά
558 2800 745 2890 κατατάξαι
773 2800 866 2893 αύτῷ
898 2811 989 2875 αἰτία
1019 2798 1116 2892 αύτη,
1149 2801 1196 2884 οίς
1228 2829 1321 2892 φησι
1354 2815 1499 2895 γέγονεν.

191 2896 290 2992 εύρον
310 2909 429 2991 μέντοι
451 2929 487 2989 γε
510 2905 546 2974 έν
569 2931 636 2973 τινι
658 2909 793 2992 παλαιῷ
816 2912 933 2992 βιβλίῳ
956 2903 1022 2992 τήν
1044 2899 1150 2991 αύτήν
1173 2912 1403 2991 πραγματείαν
1427 2903 1499 2992 σύχὶ

191 3013 410 3092 Στρωματεῖς
440 2999 549 3090 μόνον
579 3008 867 3092 ἐπιγραφομένην,
899 3001 971 3075 ἀλλ’
1004 2999 1202 3092 ὁλοκλήρως
1234 2999 1345 3086 οὕτως
1379 3011 1500 3074 »Τίτου

193 3111 344 3175 Φλαυίου
359 3098 566 3189 Κλήμεντος,
588 3111 816 3192 πρεσβυτέρου
831 3099 1083 3192 Ἀλεξανδρείας,
1108 3110 1181 3174 τῶν
1195 3103 1283 3174 κατά
1299 3103 1364 3192 τήν
1384 3100 1497 3193 ἀληθῆ

191 3209 397 3290 φιλοσοφίαν
427 3209 629 3286 γνωστικοόν
658 3200 915 3291 ὑπομνημάτων
937 3209 1182 3292 Στρωματέων
1208 3203 1249 3292 α’,
1276 3203 1315 3288 β
1339 3203 1377 3292 γ’,
1401 3202 1440 3288 δ’,
1463 3201 1499 3286 ε’,

191 3301 273 3388 ς’,ζ
301 3307 355 3371 καί
383 3299 443 3389 ηἰ.
487 3297 560 3373 ἀλλ’
593 3297 611 3372 6
642 3309 704 3389 μὲν
733 3309 872 3391 πρῶτος
902 3309 996 3392 μέχρι
1028 3310 1091 3375 τοῦ
1121 3301 1265 3393 ἑβδόμου
1297 3304 1360 3392 τήν
1392 3300 1500 3392 αύτήν

193 3406 325 3490 ἔχουσιν
347 3400 538 3490 ἐπιγραφήν
560 3409 615 3471 καὶ
638 3404 756 3474 έιιιαῖοι
788 3401 1011 3492 τυγχάνουσιν
1041 3409 1078 3475 έν
1109 3398 1213 3475 άπασι
1244 3425 1317 3487 τοῖς
1347 3411 1498 3489 βιβλίοις·

193 3499 350 3588 ὁμέντοι
372 3493 493 3588 ὄγδοος
515 3499 677 3590 διάφορός
700 3509 739 3572 τέ
764 3507 835 3573 ἐστι
857 3511 912 3574 καὶ
935 3512 977 3593 τῇ
1008 3507 1177 3593 ἐπιγραφῇ
1207 3512 1263 3576 καὶ
1293 3511 1344 3594 τῷ
1376 3503 1500 3589 ἐδάφει.

193 3608 229 3674 έν
250 3607 315 3672 τισὶ
338 3607 398 3690 μέν
422 3599 483 3724 γάρ
509 3609 578 3683 »τίς
598 3597 616 3672 δ
633 3601 824 3692 σωζόμενος
845 3603 1023 3686 πλούσιοςι
1050 3603 1269 3730 ἐπιγράφεται
1292 3611 1346 3673 καὶ
1363 3602 1499 3691 ἄρχεται

194 3697 304 3784 οὕτως
329 3704 379 3772 »οἱ
400 3700 563 3820 μὲντοὺς
595 3701 878 3790 έγκωμιαστικούς
910 3699 1048 3790 λόγους(
1082 3713 1138 3775 καὶ
1169 3705 1255 3792 ἑξῆς·
1300 3709 1336 3774 έν
1367 3709 1433 3774 τισὶ
1464 3708 1499 3772 δε

195 3799 430 3887 »στρωματεύς
452 3793 602 3889 όγδοοςι,
627 3800 740 3890 ω’σπερ
762 3808 817 3872 καὶ
840 3806 872 3872 οἱ
888 3801 954 3890 πρὸ
971 3799 1076 3874 αύτοῦ
1093 3801 1187 3886 έπτά,
1211 3801 1449 3930 ἐπιγράφεται
1444 3809 1500 3872 καὶ

194 3897 378 3988 ἀπάρχεται
403 3896 494 3972 »ἀλλ’
510 3896 641 3971 0666
610 3932 641 3973 οι
663 3911 870 3973 παλαίτατοι
893 3909 967 3972 τῶν
988 3901 1210 3990 φιλοσόφων(
1229 3905 1323 3973 καὶέ
1317 3909 1381 3990 ξής.
1413 3897 1499 3990 αύτη

194 3999 269 4071 66
250 4030 270 4088 η
298 4029 423 4070 των
393 4007 634 4088 Στρωματέωυ
665 4007 822 4086 βίβλοςέ
826 4011 943 4090 νιαχού
973 4000 1033 4091 ούχ
1063 3999 1166 4092 ύγιεῦς
1197 3999 1428 4090 διαλαμβάνει,
1460 3999 1501 4072 ού

192 4107 307 4186 μέντοι
330 4128 365 4189 γε
389 4097 502 4188 ὥσπερ
524 4105 558 4170 αἱ
578 4096 840 4184 (λ’ποτυπαίσεις,
874 4101 959 4174 ἀλλὰ
989 4111 1043 4172 καὶ
1070 4102 1157 4194 πρὸς
1187 4102 1299 4174 πολλὰ
1330 4111 1403 4173 τῶν
1434 4106 1503 4172 ἐκεῖ

194 4197 395 4288 διαμάχεται.
421 4203 660 4287 ἐπαγγέλλεται
675 4207 710 4272 δὲ
732 4207 787 4270 καὶ
811 4201 898 4274 ἀλλα
913 4209 1122 4293 πεποιῆσθαι
1143 4201 1236 4293 αύτῷ
1260 4199 1498 4292 συγγράμματα

195 4297 255 4368 ούκ
277 4295 382 4387 ὀλίγα,
405 4309 460 4370 καί
482 4328 518 4388 γε
540 4309 595 4370 καὶ
616 4298 674 4388 ὑφ’
697 4301 823 4390 ἑτέρων
837 4310 1059 4392 πεποιηκέναι
1080 4304 1340 4393 μεμαρτύρηται,
1364 4307 1441 4390 περί
1463 4331 1497 4371 τε

195 4405 256 4471 τοῦ
285 4395 396 4485 πάσχα
426 4406 578 4490 καὶπερὶ
610 4410 765 4492 νηστείας
795 4412 851 4473 καὶ
880 4411 957 4490 περὶ
988 4411 1205 4494 κακολογίας,
1236 4410 1312 4490 περὶ
1342 4398 1500 4472 κανόνων

195 4501 484 4587 ἐκκλησιαστικοόν
505 4501 593 4572 κατά
615 4510 690 4574 των
711 4500 1003 4575 ἀκολουθούντων
1025 4511 1067 4593 τῇ
1089 4511 1163 4575 τῶν
1184 4500 1352 4575 Ἰουδαίων
1377 4496 1499 4584 πλάνη,
