3510 5474
318 423 378 484 226
901 417 1034 472 Clemens.

317 577 358 649 τό
389 577 470 669 αἷμα
500 577 629 650 τσότωι
668 581 824 666 ἐξανθεῖν
854 578 920 670 τὴν
949 577 1142 670 πορφύραν.
1185 575 1273 652 ἀλλὰ
1304 586 1360 650 καὶ
1392 599 1466 662 τοις
1497 587 1659 668 λίχνοιςε

315 673 506 768 δφάσμασιν
527 677 847 768 έχκαταμιγνόουσαι
869 685 903 752 σί
925 685 1060 768 δολεραὶ
1082 696 1237 768 γυναῖκες
1257 685 1314 750 καὶ
1336 685 1411 750 τῶν
1433 676 1571 770 ἀνδρῶν
1593 686 1626 753 οἱ

315 779 534 867 γυναικώδεις
566 778 628 860 τάς
658 779 799 867 δολεράς
828 778 937 866 βαφὰς
972 787 1212 869 μσργαίνουσιν
1242 787 1320 868 περὶ
1350 779 1416 868 τὴν
1451 776 1625 870 ἀμετρίαν,

315 874 429 950 οδκέτι
451 878 512 962 τὰς
535 873 664 961 ὀθόνας
686 878 748 961 τάς
764 874 821 950 ἀπ’
839 877 1028 966 Αἰγύπτου,
1050 877 1156 960 ἀλλος
1173 883 1211 949 δέ
1225 906 1321 960 τινας
1336 881 1373 950 ἐκ
1387 884 1448 968 γῆς
1462 875 1628 968 Ἐβραίων

280 987 370 1050 ὅκαί
401 987 553 1050 Κιλίκων
588 975 842 1068 ἐκκομιζόμενον
876 983 944 1066 λῆς·
976 977 1019 1049 τά
1055 982 1090 1049 δὲ
1126 973 1291 1068 ἀμόργινα
1327 986 1383 1049 καὶ
1414 980 1458 1050 τά
1487 980 1629 1062 βύσσινα

314 1085 447 1150 σιωπῶ·
482 1074 816 1167 δπερεκπέπαικενὴ
847 1075 962 1166 τρυφὴ
984 1083 1039 1148 καί
1070 1076 1135 1167 τὴν
1166 1071 1360 1167 ὀνομασίαν.
1413 1085 1465 1150 δεῖ
1492 1086 1530 1151 δὲ
1562 1081 1659 1171 την3
1737 1095 1738 1100 ’

314 1185 451 1268 σκέπην,
483 1179 584 1266 οἶμαι,
614 1174 698 1248 αὐτὸ
721 1173 826 1266 αὐτῆς
847 1195 1007 1264 κρεῖττον
1030 1174 1236 1266 ἀποφαίνειν
1258 1175 1300 1249 τό
1322 1175 1544 1268 σκεπόμενον,
1577 1183 1626 1264 αός

313 1275 353 1348 τό
377 1276 509 1366 άγαλμα
532 1284 595 1350 τοῦ
617 1277 684 1349 νεώ
707 1283 762 1349 καὶ
784 1277 849 1366 τὴν
870 1275 982 1366 ψυχὴν
1004 1282 1067 1348 τοῦ
1088 1278 1243 1366 σώματος
1264 1282 1321 1348 καί
1342 1285 1404 1368 τῆς
1418 1283 1569 1369 ἐσθῆτος
1584 1284 1626 1353 τὸ
1737 1325 1738 1328 ¹

312 1384 416 1464 σῶμα.
460 1384 534 1449 νυνί
557 1382 591 1447 δὲ
613 1384 683 1449 πᾶν
705 1373 919 1462 τούναντίον,
942 1374 983 1448 τό
1006 1382 1067 1466 μὲν
1088 1383 1186 1467 σῶμα
1207 1374 1324 1461 αόταις
1340 1384 1368 1449 εί
1382 1378 1623 1468 πιπράσκοιτο,
1641 1397 1657 1446 4

261 1485 294 1538 10
312 1473 375 1548 οόκ
411 1475 454 1547 ἀν
483 1503 569 1548 ποτε
599 1484 708 1564 χιλίας
738 1469 830 1565 εόροι
858 1472 1021 1573 Ἀττικάς,
1056 1483 1137 1565 μίαν
1167 1483 1205 1548 δέ
1233 1507 1301 1550 που
1330 1484 1460 1566 ἐσθῆτα
1491 1489 1624 1568 μυρίων
1737 1509 1738 1538 ³

311 1573 497 1648 ταλάντων
524 1573 717 1666 ω’νοόμεναι
743 1582 830 1662 σφάς
856 1571 961 1658 αότάς
992 1571 1205 1664 άχρειοτέρας
1235 1583 1290 1648 καὶ
1322 1574 1527 1667 ἀτιμοτέρας
1550 1587 1623 1651 τῶν
1737 1635 1738 1642 1

310 1673 521 1766 όφασμάτων
543 1680 741 1765 ἐλέγχουσιν.
778 1682 811 1746 τί
833 1671 910 1747 ποτ’
934 1667 996 1746 οὖν
1018 1674 1159 1746 διώκετε
1178 1675 1222 1746 τά
1237 1675 1362 1748 σπάνια
1377 1684 1432 1747 καὶ
1446 1685 1621 1768 πολυτελῆ
1639 1689 1655 1740 5

309 1774 377 1863 πρό
400 1779 532 1847 τῶνέν
555 1783 645 1865 μέσῳ
668 1781 820 1846 καὶτῶν
842 1771 1008 1858 εότελῶν;
1039 1768 1093 1844 ότι
1124 1771 1278 1863 ἀγνοεῖτε
1308 1777 1349 1848 τὸ
1377 1769 1491 1859 όντως
1512 1778 1621 1850 καλὸν

308 1873 428 1946 καὶτὸ
451 1869 563 1958 όντως
586 1871 730 1964 ἀγαθόν·
752 1881 809 1945 καί
835 1869 911 1944 άντὶ
935 1881 1009 1944 τῶν
1036 1867 1152 1945 όντων
1174 1874 1217 1945 τά
1239 1880 1409 1947 δοκοῦντα
1430 1875 1523 1963 παρά
1548 1899 1620 1960 τοῖς

259 1985 290 2036 15
309 1971 470 2062 ἀνοήτοις
491 1971 724 2061 σπουδάζεται,
747 1979 782 2045 οἳ
802 1993 875 2056 τοῖς
896 1969 1077 2063 μεμηνόσιν
1099 1970 1149 2044 ἐπ’
1166 1978 1239 2063 ἴσης
1251 1973 1293 2045 τά
1309 1975 1411 2048 λευκά
1428 1978 1476 2058 ως
1490 1985 1620 2066 μέλανα

310 2072 550 2161 φαντάζονται.
570 2083 574 2158 Ι

769 2275 821 2342 Xl.
849 2278 930 2360 Περὶ
952 2267 1152 2354 δποδέσεως.
1633 2285 1711 2338 ’.λίυΡ

390 2419 626 2513 Παραπλήσιαι
657 2428 693 2493 δὲ
722 2429 778 2493 καὶ
808 2428 885 2509 περὶ
915 2422 976 2503 τάς
1006 2419 1181 2506 ὑποδέσεις
1209 2427 1291 2494 είσίν
1312 2427 1345 2494 αἱ
1367 2421 1529 2512 ἀλαζόνες
1552 2428 1615 2517 τὴν
1633 2455 1708 2509 1141

306 2524 441 2615 πολλὴν
467 2528 626 2609 βλακείαν
644 2525 649 2611 Ι
667 2517 846 2594 κάνταῦθα
868 2520 1141 2611 ἐπιδεικνύμεναι.
1162 2527 1280 2612 αἰσχρα
1303 2552 1386 2612 γουν
1408 2532 1550 2614 αληθως
1573 2557 1614 2599 τα
1632 2547 1696 2601 ευδ

255 2641 289 2694 20
307 2623 470 2698 σανδάλια
492 2627 611 2706 ἐκεῖνα,
634 2617 686 2709 ἐφ’
710 2621 759 2702 οἷς
781 2625 851 2690 ἐστι
874 2619 916 2690 τά
937 2628 1041 2710 χρυσᾶ
1064 2619 1206 2708 ἄνθεμα,
1229 2617 1317 2693 ἀλλὰ
1338 2630 1393 2693 καὶ
1414 2624 1496 2708 τοὺς
1511 2621 1615 2715 ἥλους

308 2727 501 2805 έλικοειδῶς
532 2739 604 2803 τοῖς
633 2719 842 2809 καττύμασιν
872 2719 1134 2809 έγκατακροόειν
1161 2717 1319 2807 ἀξιοῦσιν,
1352 2731 1474 2794 πολλαί
1503 2731 1614 2796 δὲκαὶ

306 2823 492 2914 ἐρωτικοὺς
513 2817 708 2909 ἀσπασμοὺς
730 2817 993 2909 έγχαράττουσιν
1016 2816 1140 2904 αὐτοῖς,
1163 2817 1211 2903 σός
1234 2817 1276 2890 ἀν
1296 2823 1335 2890 ἐκ
1356 2827 1416 2911 τῆς
1431 2823 1614 2908 ἐπιβάσεως

305 2925 527 3014 ῥυθμίζουσαι
543 2919 607 3011 τὴν
622 2926 696 3010 γῆν,
718 2919 760 2992 τὸ
784 2919 953 3008 ἑταιρικόν
968 2925 1030 2992 τοῦ
1046 2916 1263 3008 φρονήματος
1280 2923 1316 2991 ἐκ
1332 2927 1395 2991 τοῦ
1409 2928 1612 3012 βαδίσματος

304 3028 674 3110 έναποσφραγίσωνται.
716 3027 844 3108 χαίρειν
866 3011 928 3090 οὖν
943 3021 1063 3090 έατέον
1079 3017 1139 3100 τάς
1154 3019 1353 3110 ἐπιχρύσους
1367 3028 1423 3090 καί
1438 3027 1613 3106 διαλίθους
1629 3044 1647 3096 ‘2

254 3138 286 3192 25
304 3131 377 3194 τῶν
408 3128 600 3195 σανδαλίων
626 3127 886 3209 ματαιοτεχνίας
916 3127 971 3189 καὶ
992 3124 1156 3208 κρηπῖδας
1178 3117 1329 3202 Ἀττικάς
1350 3126 1406 3189 καί
1428 3119 1491 3204 τάς
1513 3131 1612 3194 Σικν

304 3230 406 3306 ωνίας
427 3229 482 3292 καὶ
504 3221 586 3302 τούς
607 3217 806 3308 κοθόρνους,
830 3212 993 3306 Περσικάς
1015 3225 1122 3288 τεκαὶ
1142 3215 1355 3308 Τυρρηνικός,
1376 3229 1613 3310 προθεμένους

304 3327 339 3392 δὲ·
364 3323 484 3402 καθώς
510 3325 590 3403 ἔθος
618 3328 660 3409 τῇ
688 3315 831 3409 ἀληθείᾳ
859 3313 955 3406 ἡμῶν
982 3314 1047 3388 τόν
1073 3315 1204 3388 σκοπόν
1231 3317 1294 3389 τόν
1320 3313 1433 3408 όρθόν
1461 3319 1501 3391 τὸ
1524 3322 1612 3393 κατὰ

304 3418 406 3508 φάσιν
427 3425 571 3507 ἐκλέγειν
591 3417 664 3508 χρή.
701 3414 721 3506 ἡ
743 3417 806 3507 γάρ
827 3421 942 3506 χρῆσις
964 3423 1037 3486 τῶν
1058 3411 1290 3506 ὑποδημάτων
1313 3417 1414 3508 ἢμὲν
1429 3417 1547 3492 αάτῶν
1566 3429 1612 3505 εἰς

231 3605 237 3614 .
303 3525 430 3608 σκέπην
455 3523 584 3602 ποδῶν,
611 3515 632 3607 ἢ
655 3523 689 3588 δὲ
713 3523 759 3598 εἰς
779 3513 1007 3606 προφυλακὴν
1029 3521 1102 3586 τῶν
1123 3515 1437 3604 προσπταισμάτων
1458 3528 1515 3589 καὶ
1539 3529 1612 3592 τεόν

251 3639 284 3691 30
302 3615 525 3705 όρειβατικῶν
541 3614 766 3706 τραχυτήτων
782 3616 846 3706 τὴν
860 3622 971 3704 πέλμα
985 3615 1091 3696 ποδὸς
1107 3614 1289 3705 σῴζουσαν.
1325 3627 1454 3705 γυναιξί
1469 3627 1532 3707 μὲν
1549 3614 1612 3692 οὖν
1629 3641 1703 3704 111,1

384 3789 426 3844 θί
441 3787 496 3856 vgl.
514 3786 654 3842 Musonius
672 3786 716 3840 bei
735 3785 809 3840 Sbob.
829 3785 901 3839 βίον.
920 3788 943 3851 1,
962 3787 995 3840 84
1014 3786 1096 3841 Mein.
1114 3786 1149 3855 (S.
1169 3787 1226 3850 173,
1245 3790 1278 3841 14
1296 3787 1395 3856 Hense)
1422 3789 1467 3843 δεῖ
1483 3787 1540 3861 γὰρ
1559 3793 1611 3860 την

301 3873 406 3942 σκέπην
425 3869 509 3940 αὐτῆς
528 3866 638 3942 (ἑαυτῆς
655 3871 754 3937 Hense)
772 3877 903 3941 κρεῖττον
922 3867 1093 3938 ἀποφαίνειν
1110 3867 1144 3924 τὸ
1164 3869 1343 3940 σκεπόμενον
1359 3874 1408 3928 καί
1425 3869 1611 3946 ἰσχυρότερον

300 3989 332 3998 -
352 3959 395 4015 Βί
411 3958 466 4028 vgl.
485 3957 518 4011 Κ.
536 3955 693 4018 Ρεοεσόίετ,
712 3954 811 4024 BphW
831 3956 896 4010 1896
914 3954 939 4006 S.
958 3956 1008 4009 904
1027 3983 1059 3992 —
1079 3953 1143 4009 101
1166 3953 1221 4024 vgl.
1241 3954 1308 4008 CAF
1328 3956 1365 4008 111
1391 3974 1417 4026 p.
1435 3961 1486 4013 503
1509 3959 1610 4030 Adesp.

300 4046 351 4102 516
368 4075 401 4084 —
420 4044 460 4098 20
479 4041 534 4112 vgl.
553 4039 754 4110 Kephisodoros
772 4039 880 4108 Fragm.
899 4041 916 4094 4
934 4036 1002 4092 GAF
1019 4037 1031 4090 1
1051 4055 1075 4107 p.
1092 4039 1157 4103 801;
1177 4039 1276 4094 Pollux
1296 4038 1397 4096 V118?

387 4190 466 4262 ῙτόΙ
485 4199 517 4257 -Ι-
535 4191 568 4247 τδ
586 4189 755 4259 ΡῖΙ4γΐΙςΙ
773 4195 822 4258 τῆς
839 4187 887 4242 Wi
907 4190 910 4256 Ι
934 4188 973 4244 44
996 4185 1029 4242 τό
1048 4186 1154 4244 σκέπον
1174 4191 1261 4246 Cobet
1277 4191 1379 4260 1851?
1402 4186 1488 4260 αὑτῆς
1506 4193 1608 4248 Wend-

299 4277 372 4340 land,
397 4277 478 4331 Philo
501 4295 526 4331 u.
554 4277 579 4328 d.
606 4275 855 4344 kynisch·stoische
882 4273 967 4327 Diabr.
995 4274 1019 4328 S.
1039 4275 1072 4329 70
1098 4271 1185 4331 αὑτοῦ
1203 4277 1225 4328 Ρ
1251 4273 1337 4342 αὐτῆς
1362 4275 1402 4330 Ρο
1429 4292 1478 4329 aus
1504 4276 1581 4331 Stob.
1603 4281 1607 4344 Ι

300 4362 336 4416 11
357 4359 523 4430 [ταλάντων]
542 4360 635 4424 Cobet,
654 4359 787 4414 Mnemos.
806 4363 836 4413 11
857 4359 944 4426 (1862)
962 4376 987 4428 p.
1006 4360 1056 4413 385
1073 4359 1076 4427 Ι
1094 4359 1131 4414 111
1148 4355 1179 4414 έν
1196 4357 1284 4433 μέσῳ]
1302 4357 1416 4427 έμμίσω
1435 4359 1456 4411 P
1475 4355 1607 4428 έμμέσων

298 4445 334 4498 Ρ3
358 4447 361 4512 Ι
386 4445 426 4501 2⁰
453 4439 567 4514 ἄνθεμα
585 4444 655 4500 Poll.
683 4439 832 4513 ἆνθέματα
850 4443 885 4497 Ρ1
912 4440 1081 4512 ἀναθέματα
1099 4444 1137 4494 Ρ*
1160 4446 1164 4510 Ι
1186 4443 1224 4498 28
1250 4443 1313 4512 γῆν]
1333 4449 1365 4507 -Ι-
1383 4445 1431 4498 καί
1449 4443 1517 4498 iiber
1535 4445 1561 4498 d.
1580 4446 1605 4498 Z.

299 4531 334 4582 1³²
357 4531 361 4598 Ι
385 4532 422 4585 22
452 4525 584 4596 ἀληθείαι
607 4528 636 4580 in
654 4527 715 4582 Ras.
734 4530 768 4580 P¹
793 4532 796 4597 Ι
822 4529 860 4584 29
883 4525 1145 4599 προσπταισμάτων
1164 4527 1199 4594 Sy
1218 4524 1266 4594 (im
1285 4527 1380 4595 Index)
1407 4526 1605 4598 προπταισμά·

297 4614 395 4669 τωνΡ
