3520 5480
319 448 379 510 298
888 440 1021 496 Clemens.

403 616 432 686 6,
457 617 495 678 19
518 602 576 696 ῶς]
600 602 674 677 άντί
697 604 790 693 πρός.
813 610 893 676 P²M

405 715 432 784 6,
455 715 494 776 23
517 702 630 791 αὐτὸς]
653 705 745 794 οίμαι
767 701 829 776 ούκ
852 704 1009 792 ἄτρωτος
1032 706 1078 785 είς
1099 700 1250 788 ἀσέβειαν
1273 697 1466 788 ότσιοῦτος
1487 698 1560 778 σύν.
1581 713 1631 775 Μ8

405 796 564 892 ὄργανόν]
589 799 737 895 ὄργανόν
758 807 828 876 ἐστι
850 802 1084 893 παναρμόνιον
1107 800 1184 874 άντί
1208 810 1271 876 τοῦ
1301 806 1403 876 είκῶν
1435 801 1631 894 ἀπαράλλα-

319 931 409 985 κτος.
434 908 493 973 ΡΜ

286 1023 302 1078 5
404 1015 431 1084 6,
454 1011 493 1074 26
516 997 676 1093 ὄργανον]
709 1011 737 1076 εί
769 1010 805 1074 δέ
834 1035 885 1086 τις
915 1012 970 1076 καί
993 1002 1034 1074 τό
1065 1000 1243 1090 θεοφόρον
1268 1011 1364 1092 σῶμα
1387 1009 1449 1075 τοῦ
1471 1003 1550 1087 ἑνός
1573 1012 1633 1094 τῆς

321 1095 416 1189 άγίας
430 1101 576 1200 ιτριάδος
599 1111 682 1192 φαίη
706 1097 852 1192 όργανον
874 1109 983 1190 λέγειν
1005 1104 1069 1174 τόν
1089 1101 1197 1192 ἄνδρα
1219 1104 1319 1188 εἶναι,
1350 1102 1437 1174 διότι
1469 1103 1532 1186 τὰς
1555 1115 1634 1176 θεο-

321 1209 440 1288 σημίας
470 1199 601 1274 ποιεῖό
632 1199 864 1286 ὲνυπόστατος
894 1199 996 1291 λόγος
1026 1199 1066 1273 δι’
1097 1199 1213 1286 αύτοῦ,
1244 1200 1292 1284 ῶς
1323 1201 1387 1291 τῆν
1418 1209 1482 1274 τοῦ
1504 1211 1637 1292 λεπροῦ

320 1296 489 1388 κάθαρσιν
510 1309 553 1391 τῆ
577 1309 638 1393 τῆς
660 1301 769 1392 χειρός
791 1299 861 1392 άφῆ
883 1309 938 1372 καὶ
954 1303 1015 1384 τὰς
1030 1301 1136 1384 ἄλλας
1159 1308 1440 1390 θαυματουργίας,
1462 1299 1527 1374 ούκ
1543 1299 1635 1374 όπει·

321 1395 434 1481 κότως
457 1404 546 1475 ε’ίποι
569 1402 619 1474 ἄν.
641 1409 691 1474 M⁴

270 1521 302 1574 10
406 1511 433 1585 7,
455 1513 473 1572 6
496 1499 620 1592 πλάνη]
651 1499 672 1592 ἡ
701 1499 813 1591 πλάνη
844 1509 907 1572 τοῦ
927 1497 1039 1590 Ἀδάμ,
1065 1499 1186 1573 καινόν
1217 1507 1252 1572 δὲ
1275 1498 1295 1591 ῆ
1318 1501 1372 1572 διὰ
1396 1507 1548 1588 Χριστοῦ
1570 1525 1635 1572 σω-

320 1603 428 1686 τηρία.
450 1603 511 1670 ΡΜ

404 1709 430 1778 7,
453 1711 471 1769 7
497 1699 640 1789 Φρύγας]
673 1698 721 1784 ῶς
750 1697 828 1788 παρ’
850 1697 1019 1790 Ἡροδότῳ
1051 1709 1292 1788 μυθολογεῖται
1326 1699 1457 1787 Φρύγας
1488 1708 1545 1770 καὶ
1567 1697 1634 1787 ’.Λίρ-

320 1793 426 1880 κάδας
448 1806 604 1886 γενέσθαι
626 1797 793 1890 ἀρχαίους,
817 1799 897 1882 τούς
919 1805 954 1870 δὲ
976 1796 1136 1886 Ἀρκάδας
1157 1795 1224 1887 πρὸ
1246 1805 1308 1888 τῆς
1330 1795 1477 1888 σελῆνης.
1501 1803 1563 1868 ΡΜ

404 1909 430 1980 7,
456 1909 492 1970 12
514 1897 694 1988 πρότερον]
726 1904 759 1971 οἱ
782 1899 900 1972 διὰτὸ
922 1907 992 1970 δεῖν
1014 1902 1149 1969 ἔσεσθαι
1171 1901 1207 1968 ἐν
1230 1893 1324 1988 αύτῷ
1346 1905 1632 1988 προγεγενημένοι

271 2019 302 2072 15
320 2002 371 2083 τῶ
394 2003 550 2086 θεῶ.1ίί“2
1117 2009 1122 2024 '

404 2099 434 2166 εί
454 2124 507 2178 τις
529 2089 590 2169 οὖν
613 2098 653 2170 τό
680 2098 790 2187 »κύριε
811 2097 990 2188 καταφυγὴ
1006 2094 1171 2186 ἐγενήθης
1185 2094 1264 2186 ἡμῖν
1279 2103 1316 2170 έν
1331 2103 1428 2190 γενεᾷ
1443 2105 1499 2168 καὶ
1515 2102 1630 2189 γενεῆι

322 2199 367 2276 είς
390 2192 431 2265 τό
457 2193 542 2284 »πρό
565 2205 628 2270 τοῦ
651 2191 713 2288 όρη
735 2205 921 2288 γενηθῆναι
952 2205 1009 2268 καί
1029 2201 1227 2284 πλασθῆναι
1250 2195 1315 2285 τῆν
1336 2202 1399 2285 γῆν
1422 2203 1477 2268 καὶ
1501 2195 1568 2284 τῆν
1589 2199 1634 2264 οί-

320 2299 508 2384 κουμένηνι
534 2305 646 2384 στίξει,
669 2297 756 2370 κατὰ
780 2303 884 2369 τοῦτο
908 2294 968 2384 ούχ
990 2293 1182 2385 ἁμαρτάνει.
1205 2300 1256 2364 M³

405 2405 433 2470 7,
460 2406 496 2464 14
521 2390 539 2466 ό
562 2395 663 2485 λόγος
686 2396 835 2483 ἄνωθεν]
860 2394 978 2470 διὰτὸ
1002 2393 1140 2484 άρχαῖον
1162 2403 1217 2466 καὶ
1238 2391 1367 2466 καινόν.
1391 2400 1441 2464 Μ2

270 2513 304 2568 20
406 2504 432 2574 7,
457 2504 495 2562 17
517 2501 580 2565 τοῦ
603 2497 698 2582 εἶναι]
721 2497 936 2568 έλλειπτικόν
966 2495 1007 2568 τὸ
1039 2500 1146 2583 σχῆμα
1168 2501 1231 2566 τοῦ
1253 2491 1366 2584 λόγου.
1408 2489 1562 2582 ῆαίτιος
1584 2487 1635 2564 όιν

322 2599 377 2662 καὶ
401 2597 464 2665 τοῦ
487 2593 650 2666 εἶναικαὶ
674 2587 711 2665 εύ
733 2597 827 2666 εἶναι.
848 2601 900 2664 Μ3

406 2703 432 2774 8,
455 2698 501 2763 δέ
527 2701 738 2784 βαρβαρικῶς
780 2693 1045 2785 τιμωρούμενον]
1084 2697 1186 2776 έθνος
1215 2690 1278 2782 γάρ
1311 2723 1344 2764 τι
1378 2683 1421 2780 ῆν
1460 2696 1637 2782 αίμοχαρές

322 2797 376 2861 καὶ
400 2788 647 2880 ἀπάνθρωπον,
678 2791 843 2883 άπῆνειαν
875 2793 1039 2883 τοιαύτην
1068 2792 1155 2865 κατά
1177 2801 1251 2864 τῶν
1274 2793 1502 2883 αἰχμαλώτων
1524 2797 1637 2880 ε’πιφέ-

322 2918 393 2978 ρον.
417 2895 468 2959 Μθ

271 3009 304 3063 25
405 3001 432 3074 8,
454 3003 493 3064 23
517 2992 597 3074 τούς
628 2991 671 3062 τὰ
703 2985 777 3063 ῶτα
807 2999 1044 3082 κεκτημένους]
1079 2989 1120 3064 δι’
1153 2983 1204 3064 ῶν
1237 2999 1337 3081 λέγει·
1383 2987 1419 3063 »ό
1450 2991 1541 3077 ἔχων
1564 2981 1638 3060 ῶτα

322 3086 458 3160 άκούειν
481 3088 661 3162 ἀκουέτω(
687 3097 765 3161 P²M

405 3199 431 3269 8,
455 3201 493 3261 32
517 3186 684 3264 άνάπτων
714 3193 751 3260 ἐκ
773 3199 899 3277 κίονος]
924 3191 986 3262 τόν
1017 3195 1072 3260 ἐπί
1095 3197 1267 3272 Μωυσέως
1295 3196 1357 3260 τοῦ
1378 3187 1485 3276 πυρός
1507 3194 1636 3262 στῦλον

322 3294 419 3377 λέγει.
442 3295 522 3359 P²M

408 3400 454 3471 10,
480 3402 515 3460 10
538 3388 680 3478 δάφνης]
714 3399 788 3462 τῶν
818 3395 1088 3478 δαφνηφορικῶν
1118 3383 1231 3470 οὕτως
1262 3383 1528 3478 ὀνομαζομένων
1556 3383 1635 3475 παρ’

271 3505 305 3560 30
324 3481 406 3559 ὅσον
438 3485 569 3574 δάφνας
600 3484 640 3559 δι’
664 3494 900 3579 ἐνναετηρίδας
931 3496 977 3572 είς
999 3485 1040 3558 τό
1063 3494 1126 3560 τοῦ
1146 3483 1364 3571 ’Λπόλλωνος
1385 3495 1585 3576 κομίζοντες
1607 3489 1638 3558 σί

323 3591 418 3676 ἱερεῖς
441 3587 603 3675 έξύμνουν
627 3585 741 3660 αὐτόν.
786 3581 870 3678 αύτη
893 3585 913 3678 ῆ
938 3595 1041 3660 αἰτία·
1085 3595 1158 3659 τῶν
1181 3593 1338 3659 Αἰολέων
1360 3581 1433 3658 όσοι
1454 3585 1639 3676 κατῴκουν

318 3683 440 3775 Ἀρνην
470 3695 524 3758 καί
557 3687 599 3758 τά
630 3688 737 3776 ταύτη
768 3697 874 3776 χωρία
905 3687 992 3759 κατὰ
1022 3687 1173 3777 χρησμόν
1196 3682 1405 3770 ἀναστάντες
1427 3692 1560 3760 ἐκεῖθεν
1582 3693 1636 3756 καὶ

323 3785 624 3874 περικαθεζόμενοι
656 3787 767 3878 θῆβας
803 3783 979 3876 ἐπόρθουν
1013 3791 1306 3876 προκατεχομένας
1342 3782 1409 3858 ύπό
1440 3793 1636 3874 Πελασγῶν.

323 3892 439 3974 κοινῆς
461 3883 589 3976 άμφοῖν
613 3889 732 3976 ἑορτῆς
747 3883 963 3969 ’Λπόλλωνος
979 3884 1139 3977 ἐνστάσης
1154 3882 1279 3974 άνοχάς
1295 3890 1416 3958 ἔθεντο
1432 3891 1488 3958 καὶ
1503 3883 1636 3972 δάφνας

273 4005 305 4057 30
324 3982 486 4074 τεμόντες
517 3990 551 4058 οἳ
579 3993 640 4074 μὲν
670 3992 705 4072 ἐξ
724 3984 916 4070 Ἑλικῶνος,
948 3989 981 4058 οἳ
1011 3992 1046 4058 δὲ
1076 3985 1172 4076 ἐγγύς
1204 3991 1267 4058 τοῦ
1289 3992 1445 4068 Μέλανος
1467 3989 1635 4073 ποταμοῦ,

324 4084 481 4173 ἐκόμιζον
503 4091 554 4175 τῷ
570 4081 770 4158 Ἀπόλλωνα
804 4083 1004 4176 Πολεμάτας
1026 4091 1061 4156 δὲ
1084 4082 1102 4156 ό
1125 4092 1199 4156 τῶν
1216 4093 1386 4156 Βοιωτῶν
1402 4081 1636 4174 άφηγούμενος

410 4288 454 4344 ίί
477 4289 533 4358 vgl.
552 4289 650 4344 Matth.
668 4291 728 4356 6,3
754 4321 786 4330 -
815 4290 879 4346 121
904 4291 958 4358 νηί.
976 4289 1100 4345 Herodot
1117 4291 1175 4357 2,2
1201 4320 1234 4328 -
1262 4289 1374 4347 16-16
1396 4289 1634 4350 Psa1.89‚1f-

324 4374 389 4430 ‘251
404 4373 504 4427 Matth.
524 4375 564 4440 11,
583 4376 616 4430 15
633 4393 659 4428 u.
678 4377 703 4429 δ.
722 4375 760 4429 St.
779 4405 811 4414 —
832 4375 933 4429 ἓθ-θ.
952 4374 1021 4440 661,
1041 4374 1078 4430 19
1106 4374 1161 4443 vgl.
1180 4373 1298 4428 l'roklus
1316 4375 1360 4430 bei
1379 4373 1458 4428 Phot.
1478 4373 1551 4430 Bibl.
1570 4372 1632 4428 eod,

323 4461 374 4515 239
393 4459 428 4529 (p.
448 4460 519 4512 3212
536 4457 599 4513 35ff
614 4458 731 4526 Βοίδιον]

412 4626 426 4681 l
448 4623 520 4693 ἀντί]
539 4631 571 4688 -]-
590 4631 640 4680 τοῦ
658 4625 699 4678 013
714 4626 718 4691 ]
735 4625 800 4680 29f
814 4619 884 4693 παρ’
902 4621 982 4695 ὅσον]
1001 4625 1133 4696 παρόσον
1151 4626 1219 4678 PM*
1237 4619 1305 4696 παρ’
1322 4619 1434 4694 ἓλλησιν
1452 4626 1494 4678 Μι
