3520 5498
512 456 693 528 Paedagogus
710 459 729 512 Ι.
749 458 812 530 Gap.
831 459 877 514 IX.
894 459 936 525 85,
954 460 1045 523 2-88,
1064 461 1087 515 2.
1404 469 1460 528 141

148 617 180 715 ᾧ
205 631 368 744 χρῶνται
376 635 516 694 πολῖται
537 627 599 710 μὲν
618 620 706 710 πρὸς
728 618 892 712 ἡγεμόνας
914 618 1087 744 ἀγαθούς
1094 631 1151 695 καὶ
1177 617 1269 712 ἡμεῖς
1290 620 1377 708 πρὸς
1398 620 1462 692 τὸν

147 721 246 806 θεάν,
276 719 433 809 καθάπερ
464 723 495 793 οί
517 727 634 804 παῖδες
657 726 689 794 οί
711 722 886 812 σώφρονες
917 722 1004 811 πρὸς
1030 723 1111 806 τοῦς
1131 730 1293 850 πατέρας
1340 724 1462 802 ιίιιπος

147 823 245 914 γάρι,
268 829 379 944 ηιησίν,
404 819 614 910 »ἀδάμαστος
629 827 772 906 ἐκβαίνει
788 820 942 912 σκληρός,
964 853 1021 894 και
1009 819 1148 907 υλος
1127 828 1302 912 ανειμένος
1317 825 1462 906 ἐκβαίνει

147 921 337 1013 προαλής·«
383 920 424 994 τὸ
456 927 491 992 δὲ
523 922 640 1010 ἕτερον
671 923 760 1004 εἶδος
792 929 855 994 τοῦ
885 920 995 1010 φόβου
1017 922 1101 1011 μετά
1123 931 1239 1012 μίσους
1261 929 1460 1011 γίνεται,ῳ

101 1043 122 1097 5
149 1029 272 1095 δοῦλοι
306 1019 392 1110 πρὸς
422 1018 591 1144 δεσπότας
619 1028 800 1143 κέχρηνται
830 1024 997 1110 χαλεπούς
1032 1030 1088 1094 καὶ
1116 1019 1259 1111 Ἑβραῖοι
1290 1015 1460 1106 δεσπότην

147 1120 364 1212 ποιήσαντες,
396 1117 437 1193 ού
465 1128 612 1209 πατέρα,
643 1121 706 1194 τὸν
728 1119 821 1194 θεόν.
863 1131 984 1212 πολλῷ
1008 1127 1052 1209 δέ,
1081 1123 1182 1210 οἶμαι,
1203 1128 1259 1191 καὶ
1281 1127 1332 1210 τῷ
1354 1125 1458 1192 παντί
1478 1125 1579 1182 5682

148 1220 195 1292 τὸ
226 1219 382 1292 ἑκούσιον
410 1229 466 1292 καὶ
496 1221 582 1292 κατὰ
614 1227 811 1312 προαίρεσιν
844 1229 907 1294 τοῦ
936 1222 1024 1294 κατὰ
1054 1219 1205 1312 άνάγκην
1226 1227 1273 1303 είς
1295 1217 1462 1304 εύσέβειαν

149 1326 312 1408 διαφέρει.
347 1317 469 1404 ιαύτὸς
483 1319 576 1410 γάρε,
598 1329 712 1410 φησίν,
738 1328 942 1411 »οἰκτίρμων
957 1327 1058 1409 ἐστίν,
1079 1318 1208 1393 ἰάσεται
1223 1319 1284 1402 τάς
1300 1315 1463 1409 άμαρτίας

149 1417 335 1492 αὐτῶνκαὶ
351 1418 392 1492 ού
400 1425 589 1511 διαφθερεῖ·
610 1427 665 1490 καὶ
680 1431 853 1510 πληθυνεῖ
863 1429 928 1494 τοῦ
938 1419 1150 1511 ἀποστρέψαι
1161 1419 1225 1492 τὸν
1235 1418 1347 1509 θυμὸν
1357 1415 1463 1490 αὐτοῦ

81 1539 126 1592 10
147 1527 208 1592 καὶ
219 1517 280 1595 ούκ
290 1518 440 1592 ἐκκαύσει
450 1526 561 1592 πᾶσαν
571 1518 636 1608 τήν
646 1515 892 1612 ὀργήναύτοῦπ
918 1517 981 1612 άρα
995 1530 1071 1604 πῶς
1083 1519 1125 1593 τὸ
1140 1527 1271 1592 δίκαιον
1281 1524 1463 1590 ἐπιδείκνυ-

150 1649 210 1692 ται
231 1625 294 1691 τοῦ
314 1625 535 1708 παιδαγωγοῦ
556 1618 597 1690 τὸ
619 1627 695 1708 περὶ
719 1619 779 1704 τάς
801 1618 1005 1711 ἐπιτιμήσεις
1024 1620 1136 1694 καὶτὸ
1151 1617 1461 1709 άγαθὸντοῦθεοῦ

150 1718 194 1790 τὸ
216 1725 293 1809 περὶ
315 1717 377 1802 τάς
398 1717 624 1810 οίκτειρήσεις.
668 1721 722 1792 διὰ
744 1727 850 1794 τοῦτο
872 1717 1018 1806 άΔαβίδ,
1041 1726 1197 1792 τουτέστι
1216 1718 1257 1790 τὸ
1273 1724 1403 1807 πνεῦμα
1419 1717 1460 1788 τὸ
1478 1730 1494 1783 3

149 1816 195 1891 δι’
219 1815 332 1904 αύτοῦ,
355 1817 458 1906 άμφω
480 1822 675 1908 περιλαβὼν
697 1825 751 1892 ἐπὶ
767 1827 830 1891 τοῦ
850 1817 955 1892 αύτσῦ
970 1819 1093 1908 ψάλλει
1115 1826 1211 1890 θεοῦ·
1247 1815 1459 1906 »δικαιοσύνη

149 1929 209 1990 καὶ
229 1925 330 2007 κρίμα
352 1917 525 2007 ἑτοιμασία
546 1925 610 1990 τοῦ
631 1916 762 2006 θρόνον
784 1945 857 1991 σου·
900 1923 994 2003 ἔλεος
1024 1927 1080 1990 καὶ
1106 1916 1250 2010 ἀλήθεια
1271 1915 1460 2007 προπορεύ-

88 2035 127 2088 15
149 2045 273 2092 σονται
294 2015 362 2107 πρὸ
384 2018 573 2141 προσώπου
594 2043 679 2138 006«
720 2025 781 2109 τῆς
803 2016 908 2108 αύτής
922 2020 1007 2090 εἶναι
1031 2016 1203 2106 δυνάμεως
1225 2015 1385 2108 ὁμολογεῖ
1404 2025 1460 2088 καὶ

149 2124 281 2207 κρίνειν
310 2125 366 2189 καὶ
393 2114 591 2208 εύεργετεῖν·
634 2111 701 2209 άμα
732 2119 794 2210 γάρ
822 2126 826 2209 Ι
855 2116 981 2208 ἀμφοῖν
1004 2150 1024 2210 η
1015 2117 1178 2205 “έξουσία
1202 2116 1244 2209 [6]
1266 2127 1373 2206 κρίσις
1396 2125 1460 2188 τοῦ
1478 2135 1561 2191 15οΡ

150 2226 284 2290 δικαίου
306 2225 521 2339 διακρίνουσα
543 2217 587 2289 τά
609 2224 755 2291 ἐναντία.
798 2226 850 2290 καὶ
874 2214 893 2290 6
916 2216 1031 2340 αύτός
1042 2227 1171 2302 δίκαιος
1187 2227 1247 2341 καὶ
1269 2214 1438 2341 άχαθάς,
1439 2247 1458 2288 ο
1478 2231 1543 2300 881

150 2313 268 2400 ὄντως
276 2314 378 2438 θεάς,
401 2312 420 2389 6
443 2310 495 2389 ι’ύν
517 2314 619 2441 αύτής
641 2316 685 2440 τά
706 2316 822 2390 πάντα
844 2326 899 2390 καὶ
922 2319 964 2390 τά
984 2313 1132 2390 πάνταδ
1154 2315 1266 2440 αύτάς,
1288 2313 1343 2391 ὅτι
1360 2315 1462 2400 αὐτὸς

150 2415 244 2502 θεός,
266 2413 285 2488 6
307 2414 414 2540 μόνος
435 2415 526 2501 θεός.
569 2415 616 2500 ὦς
638 2418 701 2509 γάρ
724 2417 765 2490 τὸ
765 2421 957 2542 ἔσρπτρον
979 2426 1030 2508 τῷ
1054 2423 1178 2508 αίσχρῷ
1201 2414 1242 2489 06
1262 2416 1384 2504 κακόν,
1407 2413 1463 2490 ὅτι

91 2532 129 2586 20
150 2515 295 2589 δεικνύει
317 2513 425 2589 αύτδν
446 2514 520 2600 οίύς
541 2523 647 2604 ἐστιν,
668 2515 795 2601 καλάς
818 2548 836 2589 ο
826 2513 975 2604 ζἰατρὸς
997 2526 1048 2609 τῷ
1071 2525 1232 2590 νοσοῦντι
1255 2515 1296 2590 06
1317 2518 1420 2600 κακὸς
1443 2515 1461 2590 6

149 2618 216 2690 τὸν
238 2616 388 2706 πυρετὸν
410 2613 628 2707 ἀναγγέλλων
651 2614 757 2690 αύτοῦ
779 2615 834 2704 (06
854 2617 917 2707 γάρ
933 2623 1041 2700 αἴτιος
1056 2625 1119 2692 τοῦ
1133 2624 1284 2705 πυρετοῦ
1299 2613 1317 2689 6
1333 2616 1461 2706 ἰατρός,

150 2715 239 2789 άλλά
262 2713 395 2806 ἔλεγχός
416 2719 487 2788 ἐστι
509 2723 572 2789 τοῦ
593 2725 769 2806 πυρετοῦ),
799 2713 911 2800 οῦτως
933 2715 1011 2790 οῦδὲ
1034 2712 1052 2788 6
1076 2723 1222 2806 ἐλέγχων
1245 2716 1387 2800 δύσνους
1409 2727 1461 2808 τῷ

149 2815 318 2906 κάμνοντι
339 2816 404 2906 τὴν
419 2815 543 2908 ψυχήν·
570 2813 611 2889 ού
625 2816 688 2906 γάρ
703 2822 859 2906 ἐντίθησι
881 2817 924 2888 τὰ
945 2816 1222 2907 πλημμελήματα,
1243 2817 1287 2888 τὰ
1309 2823 1344 2890 δέ
1360 2845 1461 2908 προσ-

150 2915 240 2988 όντα
267 2921 491 2989 ἐπιδείκνυσιν
513 2913 736 3007 άμαρτήματα
757 2923 803 2999 είς
825 2916 890 3007 τήν
916 2925 991 2988 τῶν
1021 2912 1150 3005 ὁμοίων
1181 2915 1462 3006 ἐπιτηδευμάτων

93 3027 129 3082 25
151 3013 366 3140 άποτροπήν.
410 3015 498 3088 ὥστε
521 3012 661 3139 ἀγαθὸς
672 3023 733 3104 μὲν
755 3011 775 3136 6
797 3017 878 3099 θεὸς
900 3013 941 3086 δι’
966 3014 1099 3100 ἑαυτόν,
1127 3022 1253 3097 δίκαιος
1276 3023 1311 3086 δὲ
1332 3013 1395 3105 ἤδη
1419 3014 1460 3088 δι’
1478 3038 1494 3091 2

150 3116 324 3206 ἡμᾶςκαὶ
347 3123 452 3188 τοῦτο
475 3110 690 3234 ὅτιηάγαθὸς.
733 3115 775 3188 τὸ
798 3122 931 3187 δίκαιον
962 3122 997 3186 δὲ
1019 3112 1097 3243 ήμῖν
1119 3116 1174 3186 διά
1196 3123 1259 3236 τοῦ
1281 3113 1460 3203 λόγουέν-

151 3224 327 3288 δείκνυται
348 3222 411 3286 τοῦ
433 3217 554 3289 ἑαυτοῦ
576 3220 707 3288 ἐκεῖθεν
722 3215 868 3300 άνωθεν,
891 3209 976 3287 σθεν
988 3221 1127 3304 γεγονεν
1141 3213 1262 3305 πατήρ.
1298 3225 1380 3304 πριν
1398 3217 1461 3307 γάρ

150 3323 295 3404 κτίστην
317 3321 474 3405 γενέσθαι
496 3313 619 3404 θεὸςη
600 3308 651 3400 ί,ν
674 3313 840 3404 άγαθός’
825 3307 880 3404 ήν,
902 3323 958 3386 καὶ
981 3313 1033 3385 διὰ
1057 3321 1162 3387 τοῦτο
1183 3322 1240 3386 καί
1262 3317 1462 3406 δημιουργὸς

152 3417 240 3486 εἶναι
261 3423 317 3486 καὶ
338 3415 451 3504 πατὴρ
473 3411 653 3503 ἠθέλησεν·
697 3412 793 3485 καὶ(
774 3446 794 3505 η
818 3421 879 3503 τῆς
901 3409 1033 3504 άγάπης
1059 3419 1188 3504 ἐκείνης
1210 3421 1316 3503 σχέσις
1339 3422 1462 3490 δικαιο-

94 3529 132 3584 80
151 3513 256 3604 σύνης
277 3511 456 3604 γέγονεν’
436 3513 529 3604 αρχή,
551 3522 607 3586 καὶ
627 3513 690 3586 τὸν
711 3511 810 3604 ήλιον
832 3512 1144 3603 ἐπιλάμποντσς
1107 3543 1171 3586 τον
1193 3511 1299 3587 αύτου
1285 3521 1376 3587 ’καὶ
1399 3515 1463 3587 τὸν

151 3613 230 3686 υἱὸν
250 3621 536 3704 καταπέμποντος
558 3613 622 3685 τὸν
644 3609 761 3686 αῦταῦ·
804 3621 861 3685 καὶ
883 3621 1024 3704 πρῶτος
1046 3606 1147 3697 οὗτος
1169 3615 1242 3706 τήν,
1255 3621 1290 3702 ἐξ
1305 3611 1462 3703 ούρανοῖν

241 3801 314 3857 2-4
333 3801 382 3856 sir.
401 3803 442 3865 30,
460 3801 521 3855 8-
534 3801 628 3857 8-10
647 3801 718 3855 Psal.
738 3804 778 3868 λλ,
798 3803 1003 3858 38-18-15
1021 3801 1092 3856 ΡεοΙ.
1111 3803 1152 3866 88,
1171 3805 1203 3857 15
1222 3833 1255 3842 -
1275 3803 1388 3858 18-28
1407 3804 1461 3872 vgl.

152 3885 247 3958 Epikt.
265 3886 290 3938 ΙΙ
309 3889 349 3952 14,
367 3885 420 3941 2οί
439 3893 500 3950 πῶς
517 3884 633 3940 δύνασαι
651 3879 827 3955 α’νασχέσθαι
839 3904 896 3953 μου
913 3888 962 3941 καί
974 3883 1109 3956 ὑποσχεῖν
1120 3881 1171 3942 τδν
1185 3881 1301 3956 ἔλεγχον
1311 3889 1361 3942 καλ
1372 3905 1461 3957 παρα-

151 3977 264 4040 μεῖναι;
291 3965 429 4038 οὐδαμῶς,
448 3963 509 4024 ἄλλ’
527 3967 610 4035 εὐθὺς
629 3965 795 4039 άπαλλάσσῃ
811 3974 943 4039 χαλεπῶς
961 3965 1040 4042 έχων.
1075 3972 1170 4026 καίτοι
1187 3971 1216 4025 τί
1234 3987 1278 4026 σοι
1296 3967 1354 4039 ἐγὼ
1371 3966 1462 4026 κακὸν

152 4055 309 4123 πεποίηκα;
328 4051 409 4123 εἰμὴ
426 4055 476 4109 καί
493 4049 526 4108 τὸ
546 4047 689 4126 ἔσοπτρον
705 4061 745 4127 τῷ
766 4053 882 4126 αἰσχρῷ,
901 4049 946 4110 δτι
963 4052 1082 4111 δεικνύει
1100 4051 1188 4110 αὐτὸν
1200 4053 1276 4126 αὐτῷ
1290 4048 1351 4118 οίός
1368 4051 1456 4110 ἐστιν·

154 4138 181 4197 εί
198 4141 238 4209 μὴ
256 4139 305 4194 καλ
323 4135 339 4194 6
358 4135 456 4210 ἰατρὸς
473 4131 524 4193 τδν
542 4145 681 4195 νοσοῦντα
694 4135 806 4212 ὑβρίζει,
826 4135 897 4195 ὅταν
908 4135 971 4209 είιιη
985 4139 1072 4211 αὐτῷς
1093 4133 1253 4210 »ἄνθρωπε
1271 4140 1364 4203 δοκεῖς
1375 4137 1462 4207 μηδὲν

153 4220 169 4280 ἔ
170 4242 241 4296 χειν,
259 4221 407 4294 πυρέσσεις
424 4222 476 4280 δέι.
513 4223 575 4277 Isid.
594 4225 652 4278 Pel.
670 4225 719 4294 Ep.
740 4225 750 4276 1
769 4225 871 4279 382-
889 4225 929 4279 80
946 4225 1002 4293 vgl.
1020 4225 1119 4278 Matth.
1137 4227 1162 4288 5,
1179 4225 1213 4277 45

239 4392 258 4450 δ
277 4393 401 4460 (μᾶλλον
419 4390 469 4459 δέ)
489 4385 571 4458 οἶμαι
588 4391 668 4445 Schw
687 4392 691 4458 Ι
717 4392 731 4446 λ
755 4385 896 4459 [ἑκούσιον
912 4391 970 4460 καί]
989 4389 1135 4444 Markland
1159 4391 1162 4455 Ι
1188 4389 1226 4446 13
1245 4385 1407 4460 περιλαβὼν
1425 4389 1461 4442 F*

152 4471 312 4551 περιλαβὸν
328 4476 391 4529 FlM
411 4479 415 4544 Ι
442 4476 479 4531 18
497 4473 610 4541 ἐξουσία
628 4493 645 4522 ε
663 4493 678 4523 ι
697 4479 736 4532 Ρο
756 4476 843 4544 Heyse
860 4478 864 4544 1
880 4475 915 4545 [6]
937 4475 982 4528 Wi
1007 4476 1010 4542 λ
1036 4475 1072 4529 21
1094 4471 1190 4542 αὐτοῦ]
1210 4471 1285 4543 αὐτῷ
1305 4473 1462 4528 Wendland

154 4562 264 4628 Quaest.
277 4561 346 4615 Mus.
365 4579 390 4631 p.
410 4563 442 4615 13
462 4562 466 4628 Ι
489 4562 526 4615 22
545 4557 668 4630 ἐλέγχων
685 4561 746 4614 FM¹
766 4558 881 4630 ἐλέγχον
894 4561 938 4616 M*
954 4562 957 4628 λ
974 4560 1013 4615 28
1030 4559 1145 4628 κτίστην
1156 4558 1185 4612 Μ
1202 4557 1326 4613 κτίσινΡ
1341 4559 1345 4626 1
1362 4560 1400 4614 28
1413 4561 1463 4614 καὶ

155 4647 250 4720 πατὴρ
262 4666 297 4694 ω
309 4647 381 4700 nach
399 4641 469 4711 θεδς
487 4647 548 4714 (28)
567 4647 609 4699 M²
623 4648 627 4714 Ι
642 4646 704 4704 βθῐ
719 4651 771 4702 τοῦ
789 4643 876 4701 αὐτοῦ
894 4647 941 4699 Ma
