3532 5470
674 1467 943 1590 llinleilnng.

630 1723 677 1790 Δ.
714 1719 980 1802 zeugnisse.

236 1920 299 1986 Die
327 1917 527 2002 wiehligslen
553 1915 740 2000 Ζειιμυὶεεε1
767 1919 846 1983 iiber
872 1917 1016 1982 Clemens
1039 1917 1272 1982 Alexandrinus
1294 1919 1376 1998 sind,
1403 1940 1464 1983 von

153 2023 260 2086 seineu
283 2019 416 2103 eigauen
437 2017 597 2083 Schriften
619 2017 804 2101 abgesehen,
827 2015 989 2100 folgende:

234 2119 365 2186 Julius
380 2115 514 2182 Αίιίο.2
534 2119 568 2181 iu
583 2121 639 2182 der
653 2116 793 2182 Chronilr
807 2117 899 2198 (nauh
915 2115 1081 2196 cedrenus,
1104 2113 1186 2182 Hisl.
1202 2138 1302 2201 eomp.
1324 2139 1354 2201 p.
1369 2117 1464 2183 2510

155 2221 226 2285 edil
242 2220 356 2296 Puris.;
379 2216 437 2300 lp.
454 2223 524 2298 441,
539 2222 558 2283 9
580 2217 680 2283 Bonn.
696 2239 720 2281 ε.
739 2216 854 2296 nouae,
877 2214 1042 2299 Reliquiae
1057 2237 1164 2281 saurae
1180 2214 1228 2282 11²
1242 2239 1272 2300 p.
1287 2219 1373 2298 307):
1394 2207 1465 2283 ’Κπί

156 2310 337 2404 Κομμόδου
361 2309 497 2402 Κλήμης
519 2306 538 2382 δ
561 2311 790 2401 Στρωματεύς
812 2315 850 2382 ἐν
870 2305 1099 2400 Ἀλεξανδρείᾳ
1121 2313 1332 2398 ἐγνωρίζετο.

237 2420 452 2485 Alexander
473 2439 544 2483 von
566 2417 776 2483 Jerusalem
798 2417 850 2480 bei
871 2414 985 2480 Euseb.
1007 2413 1047 2478 H.
1062 2413 1099 2479 Ε.
1115 2413 1160 2479 Vl
1177 2423 1223 2496 11,
1238 2422 1270 2482 6:
1296 2417 1408 2481 Ταῦτα
1431 2417 1465 2482 δὲ

156 2513 232 2606 ὑμῖν
247 2514 291 2586 τὰ
306 2509 484 2602 γράμματα
499 2517 572 2598 (den
587 2515 681 2581 Brief
692 2540 731 2581 an
747 2517 797 2580 die
814 2514 984 2580 Gemeinde
998 2514 1239 2596 indulioehieu,
1262 2517 1466 2599 gesehrieben

157 2644 209 2684 um
231 2623 286 2684 das
301 2617 381 2684 Jahr
394 2619 467 2700 111)
489 2608 671 2684 ἀπέστειλα
686 2609 740 2682 διὰ
757 2607 956 2700 Κλήμεντος
971 2613 1034 2680 τοῦ
1047 2617 1213 2698 μακαρίου
1227 2617 1464 2699 πρεσβυτέρου,

158 2711 277 2803 ἀνδρὸς
299 2717 463 2802 ἐναρέτου
483 2720 539 2783 καί
562 2717 709 2800 δοκίμου,
732 2703 774 2780 ὃν
795 2715 867 2780 lure
888 2716 944 2780 καί
965 2705 1057 2794 ὑμεῖς
1078 2716 1134 2780 καί
1156 2711 1399 2797 ἐπιγνώσεσθε·
1428 2704 1465 2794 ὃς

157 2822 212 2885 καὶ
233 2810 357 2885 ἐνθάδε
382 2813 505 2898 παροὸν
525 2811 613 2884 κατὰ
636 2809 702 2900 τὴν
724 2806 893 2899 πρόνοιαν
914 2815 967 2878 καί
990 2808 1180 2898 ἐπισκοπὴν
1203 2817 1267 2880 τοῦ
1289 2806 1465 2893 δεσπότου,

158 2911 352 3003 ἐπεστήριξέ
377 2940 415 2984 τε
442 2919 498 2982 καὶ
524 2904 645 3002 ηὔξησε
666 2909 731 2999 τὴν
753 2916 817 2981 τοῦ
838 2917 955 2998 κυρίου
975 2914 1164 2997 ἐκκλησίαν,
1192 2918 1257 2979 und
1278 2915 1330 2979 bei
1351 2914 1465 2979 Euseb.

159 3017 196 3082 H.
218 3018 253 3082 Ε.
278 3017 322 3082 VI
340 3023 419 3090 14,9
443 3017 548 3098 (Brief
566 3041 605 3082 an
628 3015 805 3100 Origenes):
826 3015 981 3098 Πατέρας
1000 3007 1063 3098 γὰρ
1079 3011 1172 3096 ἴσμεν
1187 3009 1268 3092 τούς
1282 3017 1466 3098 μακαρίους

159 3118 304 3196 ἐκείνους
332 3110 412 3194 τούς
438 3111 713 3200 προοδεύσαντας
735 3163 742 3177 .
762 3164 770 3180 .
793 3167 798 3178 .
820 3165 825 3179 .
848 3108 912 3180 τὸν
938 3108 1031 3198 ίερόν
1055 3105 1236 3198 Κλήμεντα
1257 3104 1375 3197 κύριόν
1401 3137 1466 3198 μου

144 3211 339 3301 ’γενόμενον
360 3219 416 3282 καί
439 3208 667 3302 ω’φελὴσαντά
688 3240 736 3301 με.

238 3319 303 3384 Der
324 3315 490 3382 Verfasser
511 3321 565 3383 des
587 3318 722 3382 Kleinen
744 3315 932 3399 Labyrinlhs
947 3313 1159 3398 (Hippolyl)
1182 3314 1233 3379 bei
1247 3313 1361 3378 Euseb.
1375 3310 1414 3377 H.
1430 3311 1465 3376 Ε.

161 3417 250 3494 Vl&
273 3426 305 3484 4:
338 3416 403 3482 Καὶ
434 3407 592 3500 ἀδελφῶν
623 3419 661 3486 δέ
685 3439 791 3482 τινων
819 3413 910 3481 ἐστιν
936 3405 1128 3498 γράμματα,
1154 3406 1362 3498 πρεσβύτερα
1393 3415 1466 3479 τῶν

163 3521 328 3599 Βίκτορος
352 3507 502 3599 χρόνων,
530 3509 551 3582 ἃ
577 3517 699 3584 ἐκείνοι
725 3515 782 3582 καί
808 3508 895 3600 πρὸς
921 3508 964 3580 τὰ
992 3513 1077 3598 ἔθνη
1103 3505 1188 3595 δπέρ
1214 3513 1277 3598 τῆς
1304 3504 1467 3597 ἀληθείας

160 3621 213 3682 καί
233 3611 318 3702 πρὸς
340 3611 402 3694 τὰς
421 3609 502 3682 τότε
516 3617 657 3702 αίρέσεις
673 3615 833 3704 ἔγραψαν,
857 3616 945 3700 λέγω
961 3615 997 3680 δὲ
1012 3607 1190 3681 Ἰουστίνου
1206 3616 1262 3680 καί
1278 3604 1468 3679 Μιλτιάδου

161 3719 213 3781 καὶ
242 3717 406 3783 Τατιανοῦ
438 3720 493 3783 καὶ
521 3711 718 3804 Κλήμεντος
743 3720 798 3784 καί
825 3713 954 3800 ἑτέρων
978 3705 1165 3791 πλειόνων,
1198 3712 1236 3779 ἐν
1264 3705 1315 3789 οίς
1333 3701 1467 3794 ἅπασιν

162 3822 373 3902 θεολογείται
394 3806 413 3882 ὁ
436 3813 592 3902 Χριστός.

239 3917 428 3982 Eusebius
443 3918 482 3983 H.
497 3918 532 3982 Ε.
548 3919 578 3984 V
596 3927 642 4000 11,
660 3922 699 3985 1f
719 3914 816 3986 Κατὰ
839 3919 969 3986 τοῦτον
983 3916 1157 3999 (Psnldnus
1172 3913 1234 3998 vgl.
1249 3911 1342 3992 Zuhn,
1358 3911 1466 3995 Suppl.

164 4016 255 4084 Clem.
277 4019 307 4084 S.
325 4019 412 4098 172¹)
440 4031 513 4096 ταῖς
539 4021 648 4098 θείαις
674 4032 817 4105 γραφαῖς
844 4009 1115 4101 συνασκούμενος
1136 4003 1192 4080 ἐπ’
1219 4003 1466 4095 Ἀλεξανδρείας

244 4188 270 4253 1)
287 4184 379 4240 Sehon
397 4183 543 4255 Sylburg
569 4187 619 4241 hal
645 4187 673 4241 in
700 4187 790 4242 seinar
807 4187 938 4256 Ausgebe
956 4183 1044 4253 (1592)
1072 4180 1164 4249 einige
1187 4177 1373 4233 Nuehriahten
1400 4177 1467 4230 iiber

166 4269 286 4324 Clemens
303 4271 584 4340 zusammengeelelll3
611 4271 655 4327 die
681 4271 832 4344 folgenden
849 4269 1040 4339 Herausgeber
1057 4266 1148 4320 haben
1166 4262 1211 4318 die
1228 4263 1391 4330 Semmlung
1410 4278 1466 4315 ver·

165 4353 258 4408 mehrl.
292 4356 345 4407 Am
364 4353 593 4426 vollsldndigsleu
612 4357 725 4412 wurden
744 4357 788 4413 die
807 4356 953 4426 Zeugnisee
972 4349 1135 4424 gesammell
1152 4367 1207 4403 von
1224 4347 1255 4403 ll.
1274 4346 1466 4402 Preusehen

165 4435 192 4489 in
209 4437 382 4492 Haruaelre
400 4427 610 4512 llberlieferung
628 4443 653 4497 S.
672 4445 758 4500 29611.
794 4442 853 4497 Des
872 4436 1083 4496 Obeuslehende
1100 4436 1137 4490 ist
1154 4433 1191 4489 im
1210 4431 1404 4487 wesenlliahen
1422 4431 1467 4483 eiu

166 4521 291 4577 Abdruck
308 4521 398 4576 seiner
414 4523 582 4597 Semmlung.

217 4609 271 4736 012)
289 4607 353 4736 ΚΒΙῙ.
372 4607 404 4661 Η.
418 4608 550 4678 Gelner,
568 4613 665 4668 Sextus
678 4612 767 4668 Julius
780 4613 864 4668 Afric.
882 4631 908 4666 u.
927 4611 971 4666 die
982 4610 1094 4680 byzunl.
1108 4602 1332 4742 Chronoggaphie
1344 4601 1356 4654 I
1369 4600 1394 4656 S.
1407 4599 1465 4655 280.

244 4705 325 4738 emm
353 4726 358 4738 .
