3510 5474
420 440 601 511 Paedagogus
619 441 651 496 ΙΙ.
672 441 736 512 Cap.
755 440 830 496 VIII.
848 443 889 510 76,
908 443 1024 514 3-Οερ.
1043 442 1088 497 lx.
1108 445 1149 509 79,
1167 443 1191 498 2.
1405 451 1465 514 205

148 627 270 694 χσυσαι
292 601 448 692 φυσικόν,
471 610 666 692 συνεργοῦσι
686 607 773 694 πρὸς
794 604 861 694 τὴν
881 604 1068 694 κατάταξιν
1090 612 1151 695 τῆς
1179 611 1335 696 τροφῆς]
1368 607 1400 678 οί
1430 611 1466 681 δὲ

149 709 386 778 ἐπικυλίεσθαι
408 700 588 791 δυνάμενοι
615 699 756 793 δμαλαῖς
778 701 898 791 εὐναῖς,
922 703 998 777 οἷον
1019 699 1131 778 ύπνου
1152 703 1337 796 γυμνάσιον
1359 711 1465 778 τοῦτο

150 809 288 894 ἔχοντες
315 799 475 892 φυσικόν,
506 805 593 896 ῥᾷον
617 801 869 878 κατατάττουσι
900 804 962 887 τὰς
987 805 1118 893 τροφὰς
1148 813 1204 878 καὶ
1236 813 1324 893 σφᾶς
1350 809 1464 894 ἐπιτη-

151 913 344 993 δειοτέρους
373 903 459 994 πρὸς
489 902 550 987 τὰς
580 900 790 992 περιστάσεις
820 901 1137 994 παρασκευάζουσιν.
1190 909 1241 978 ἔτι
1270 933 1305 995 γε
1334 905 1402 996 μὴν
1431 909 1464 978 σί

114 1024 133 1076 5
151 1001 384 1095 ἀργυρόποδες
405 1010 586 1094 σκίμποδος
607 1011 739 1094 πολλῆς
761 1001 960 1092 ἀλαζονείας
981 1010 1065 1078 είσλν
1086 1003 1285 1097 κατήγοροι,
1307 1009 1363 1076 καί
1386 999 1405 1076 δ
1428 1009 1465 1078 ίν

152 1124 226 1188 τοῖς
248 1109 424 1188 κλινιδίοις
450 1107 590 1191 »ἐλέφας
611 1101 887 1187 ἀπολελοιπότος
913 1103 1026 1194 ψυχὴν
1051 1105 1210 1195 σώματος
1241 1102 1302 1178 ούκ
1329 1103 1460 1194 εύαγὲςι

151 1201 260 1294 ἁγίοις
284 1199 485 1292 ἀνθρώποις
507 1201 727 1288 ἀναπαύσεως
749 1211 917 1294 τέχνασμα
938 1203 1110 1288 βλακικόν.

239 1301 286 1376 (λά
308 1309 541 1378 σπουδαστέον
562 1303 627 1394 ἀρα
649 1311 726 1393 περὶ
748 1300 843 1374 αὐτά.
886 1300 928 1376 ού
952 1303 1015 1394 γάρ
1042 1299 1221 1396 ἀπείρηται
1246 1323 1319 1389 τοῖς
1345 1333 1462 1394 κεκτη·
1481 1323 1545 1386 78,1

150 1411 267 1494 μένοις
288 1399 309 1493 ἦ
330 1409 453 1494 χρῆσις,
475 1399 552 1476 ἀλλ’
573 1401 595 1494 ἦ
617 1410 693 1492 περὶ
715 1399 802 1474 αύτᾶ
825 1401 1033 1494 ἐπιτήδευσις
1055 1407 1258 1480 κεκώλυται·
1282 1401 1323 1480 ού
1344 1403 1407 1494 γάρ
1427 1407 1465 1477 έν

98 1521 134 1576 10
152 1503 292 1588 τούτοις
313 1501 355 1576 τὸ
381 1499 546 1596 εὔδαιμον.
587 1501 694 1576 πάλιν
715 1532 753 1574 τε
775 1494 817 1574 αὖ
838 1509 1033 1592 κενοδοξίας
1053 1508 1126 1578 ἐστὶ
1147 1514 1284 1596 κυνικῆς
1305 1502 1464 1595 καθάπερ

152 1604 218 1676 τὸν
240 1601 388 1694 Διομήδη
409 1602 618 1694 ἐπιτηδεύειν
640 1597 757 1686 εύδειν,

418 1733 486 1808 δπό
509 1734 544 1807 δ’
567 1741 734 1823 ἔστρωται
755 1735 853 1825 ῥινὸν
874 1734 954 1823 βοὸς
976 1732 1169 1827 ἀγραύλοιο,

152 1871 246 1961 πλὴν
268 1877 297 1942 ελ
317 1869 362 1960 μὴ
385 1869 451 1960 ἀρα
472 1865 493 1960 ἦ
515 1879 708 1958 περίσταοις
731 1865 921 1959 ἀναγκάζοι.
965 1865 984 1941 δ
1011 1875 1047 1942 δέ
1067 1867 1236 1954 Ὀδυσσεύς
1263 1877 1324 1962 τῆς
1347 1899 1463 1961 νυμφι·
1481 1895 1497 1948 2

152 1977 230 2044 διὀυ
251 1979 370 2061 κλίνης
391 1969 433 2041 τὸ
456 1967 581 2058 σκάζον
602 1979 693 2060 λίθῳ
716 1974 975 2059 έπανωρθοῦτο.
1012 1969 1162 2062 τοσαύτη
1178 1999 1230 2053 τις
1244 1965 1394 2043 εύτέλεια
1408 1977 1463 2042 καὶ

100 2090 133 2142 15
154 2069 337 2160 αὐτουργία
360 2066 400 2142 ού
421 2069 513 2160 παρὰ
535 2091 608 2153 τοῖς
629 2069 782 2152 ἰδιώταις
805 2068 927 2160 μόνον,
959 2067 1047 2142 ἀλλὰ
1077 2076 1133 2142 καὶ
1154 2069 1245 2158 παρά
1268 2089 1341 2154 τοῖς
1363 2065 1462 2160 ἦγον-

151 2177 268 2260 μένοις
289 2178 363 2242 τῶν
383 2177 542 2242 παλαιῶν
554 2166 729 2259 Ἑλλήνων
750 2166 895 2260 ἠσκεῖτο.
930 2176 987 2240 καὶ
1009 2177 1043 2242 τί
1063 2197 1121 2261 μοι
1143 2169 1282 2244 τούτων
1305 2165 1421 2259 λόγος·
1442 2165 1463 2242 δ
1481 2187 1497 2240 3

152 2269 272 2354 Ἰακώβ
290 2268 473 2342 ἐκάθευδεν
493 2277 594 2360 χαμαὶ
615 2276 671 2340 καὶ
693 2275 792 2353 λίθος
814 2265 909 2359 αύτῷ
931 2265 1210 2360 προσκεφάλαιον
1230 2261 1285 2360 ἦν·
1308 2266 1387 2342 τότε
1408 2279 1464 2342 καὶ

154 2369 221 2460 τὴν
244 2363 326 2454 ὄψιν
347 2369 412 2459 τὴν
433 2365 518 2457 ύπὲρ
540 2369 734 2460 ἄνθρωπον
755 2375 839 2442 ἰδεῖν
865 2375 1083 2458 κατηξίωται.
1126 2366 1206 2460 ἡμῖν
1235 2374 1272 2441 δὲ
1301 2376 1464 2461 χρηστέον

12 2555 15 2560 ¹
154 2468 359 2554 ἀκολούθως
380 2476 431 2560 τῷ
454 2465 548 2560 λόγῳ
571 2465 690 2557 ἀφελεῖ
714 2477 757 2558 τῇ
785 2465 865 2557 εύνῇ
892 2475 947 2540 καί
970 2476 1048 2558 λιτῇ
1069 2469 1259 2560 σύμμετρον
1281 2469 1400 2560 έχούση
1422 2469 1464 2542 τι)

100 2591 135 2644 2ο
153 2575 384 2659 παρηγοροῦν,
415 2575 444 2640 εί
465 2575 567 2658 θέρος
588 2574 651 2658 είη,
682 2568 723 2640 τὸ
746 2575 885 2653 σκέπον,
917 2567 1072 2658 ελκρύος
1094 2574 1158 2659 εἴη,
1185 2569 1227 2642 τὸ
1251 2567 1399 2643 θάλπον.
1442 2567 1500 2660 ἦε

154 2677 255 2759 κλίνη
276 2675 312 2740 δὲ
334 2665 529 2758 ἀπερίεργος
551 2673 640 2741 ἔστω
662 2676 717 2740 καὶ
739 2676 849 2750 λείους
871 2671 975 2756 ἐχέτω
1002 2669 1083 2752 τούς
1109 2668 1229 2752 πόδας·
1260 2673 1293 2741 αί
1320 2671 1382 2760 γὰρ
1408 2699 1465 2743 πε-

155 2777 281 2857 ρίεργοι
304 2768 493 2859 τορνεύσεις
515 2775 589 2842 τῶν
611 2770 824 2858 έρπηστικῶν
846 2767 918 2838 ἔσθ’
942 2761 1000 2840 ὅτε
1023 2775 1198 2858 γίγνονται
1224 2777 1335 2857 τρίβοι
1356 2769 1465 2860 ζῴων,

154 2876 233 2957 περὶ
264 2897 325 2952 τας
354 2867 500 2958 ἐντομάς
530 2875 592 2958 τῆς
618 2875 738 2957 τέχνης
764 2872 1070 2958 περιελισσομένων
1095 2864 1213 2938 αὐτῶν
1239 2869 1360 2958 καὶμὴ
1383 2865 1466 2942 ἀπο·

156 2965 406 3040 λισθανόντων.
438 2964 585 3057 μάλιστα
607 2974 643 3039 δὲ
665 2972 726 3056 τῆς
747 2975 864 3055 κοίτης
887 2965 928 3038 τὸ
949 2964 1131 3054 μαλθακὸν
1152 2964 1395 3056 ουμμέτρως’
1373 2995 1501 3058 αρρε-ῑ,

101 3087 136 3142 25
156 3075 301 3142 νιστέον.
331 3063 373 3142 ού
394 3067 458 3158 γάρ
480 3072 614 3140 ἔκλυσιν
634 3066 696 3156 χρὴ
719 3072 783 3138 τοῦ
805 3065 963 3153 σωματος
985 3067 1071 3136 εἶναι
1092 3065 1297 3188 παντελη
1261 3095 1324 3138 τον
1345 3060 1465 3152 ύπνον

156 3165 245 3240 ἀλλὰ
267 3167 391 3240 ἄνεσιν.
432 3165 485 3239 διὸ
515 3177 573 3240 καὶ
601 3162 925 3257 παραλαμβάνεσθαί
956 3193 1042 3254 φημι
1067 3172 1139 3237 δεῖν
1164 3161 1271 3238 αύτόν
1297 3163 1360 3238 ούιι
1380 3173 1436 3240 ἐπί

156 3269 314 3359 ρηθυμλα,
335 3261 448 3340 άλλ’έ
449 3275 488 3338 πὶ
510 3275 552 3356 τῇ
575 3273 649 3338 τῶν
671 3265 829 3356 πράξεων
844 3261 1031 3352 άναπαύλη
1067 3259 1345 3356 ίπεγερτικιῦς
1305 3295 1368 3338 ουν
1381 3296 1465 3340 απο-
1482 3287 1568 3344 2181
1587 3291 1650 3354 τίηῖ

158 3373 376 3439 νυστακτέον
422 3369 623 3450 ιέστωσανι,
646 3363 709 3454 γάρ
731 3389 841 3454 φησιν
867 3359 982 3454 ιύμῶν
1003 3361 1078 3436 αἶ’
1059 3363 1183 3454 οοφύες
1204 3373 1464 3458 περιεζωσμέναι

157 3471 269 3539 καὶ(
237 3497 270 3538 οι
291 3465 409 3556 λύχνοι
429 3462 617 3556 καιόμενοι·
639 3473 694 3536 καὶ
716 3463 807 3556 ὑμεῖς
830 3457 942 3554 άμοιοι
964 3461 1166 3554 ἀνθρώποις
1186 3473 1469 3558 προσδεχομένοις

104 3589 140 3642 30
161 3569 225 3639 τὸν
244 3565 362 3655 κύριον
384 3561 514 3650 αὐτῶν
540 3563 626 3637 πότε
648 3561 806 3639 ἀναλύσει
828 3569 866 3638 ίκ
887 3571 962 3636 τῶν
983 3561 1116 3656 γάμων
1143 3570 1200 3638 ἵνα
1226 3563 1468 3652 ίλθὸντοςκαι

159 3665 369 3752 κρούσαντος
390 3663 573 3752 ἀνοίξωσιν
594 3661 725 3748 εύθέως
747 3661 852 3756 αύτῷ.
881 3661 1040 3754 μακάριοι
1062 3668 1095 3737 οἱ
1116 3671 1235 3738 δοῦλοι
1257 3665 1454 3752 έκεῖνοι,“
1412 3697 1470 3750 ους

160 3765 282 3836 ἐλθών
302 3760 321 3836 ὁ
343 3763 457 3852 κύριος
478 3762 704 3854 ἐγρηγορότας
726 3759 832 3854 εύρη,ι
867 3761 967 3836 ούδλν
988 3763 1050 3854 γάρ
1072 3761 1196 3854 ἀνδρὸς
1211 3759 1337 3854 ὅμιλος
1350 3766 1471 3840 καθεύ

160 3873 283 3948 δοντος
306 3862 421 3952 ὥσπερ
442 3861 519 3936 ούδὲ
542 3872 745 3948 τεθνεῶτος.
776 3863 830 3938 διὸ
852 3861 1020 3948 πολλάκις
1041 3871 1097 3936 καὶ
1119 3871 1181 3956 τῆς
1196 3867 1319 3948 νυκτὸς
1334 3863 1500 3954 άνεγερα

245 4057 264 4110 δ
281 4051 385 4126 ἐλέφας
401 4084 434 4094 -
451 4053 552 4125 εέαγὲς
564 4055 645 4109 Ρίαίο
658 4054 723 4122 [ας.
735 4053 786 4108 x11
799 4071 825 4124 p.
838 4056 889 4110 956
901 4058 939 4120 A;
958 4054 1013 4124 vgl.
1025 4057 1123 4109 π’ίτοιτι,
1139 4053 1158 4106 V
1175 4057 1207 4110 76
1226 4085 1256 4094 -
1277 4059 1315 4112 12
1335 4055 1363 4110 1(
1375 4059 1468 4110 1⁷15-

163 4140 228 4195 lar
241 4156 265 4210 η
284 4137 363 4195 192ff
377 4170 410 4180 -
431 4140 540 4196 10-18
558 4139 613 4210 vgl,
626 4139 692 4192 Gen.
705 4141 746 4206 28,
761 4137 863 4192 1111-
877 4137 991 4194 28-32
1011 4137 1244 4195 Luk.1‘2..'2⁷›—31
1263 4141 1373 4196 -821
1388 4143 1469 4194 αι’δεν

165 4254 196 4263 -
215 4229 375 4290 τεθνεῶτος
394 4225 467 4278 Ρλαλ
486 4225 554 4278 Mor.
573 4242 599 4295 p,
618 4223 697 4278 mc

248 4393 264 4448 l
283 4391 448 4462 κατέταξα]
464 4389 631 4453 κατάπευιν
647 4391 773 4446 Δτεοτὶαι
792 4393 832 4458 12
850 4387 974 4458 δμαλατῖς
993 4390 1058 4458 ‘ng
1076 4391 1104 4444 S,
1120 4393 1179 4457 λίνί,
1198 4395 1238 4458 5²11,
1256 4392 1302 4446 wi
1319 4389 1453 4459 ι’ύλκιιςΡ

163 4477 415 4548 inflammat]
431 4478 638 4534 καταπέπωσι
657 4476 784 4530 Amerina
800 4480 805 4541 Ι
823 4477 859 4530 12
878 4471 1003 4543 ἔστρωτο
1021 4475 1041 4529 I'
1060 4477 1111 4529 vie
1123 4475 1203 4529 Ηοω.
1219 4478 1223 4489 ’
1238 4475 1277 4532 22
1295 4477 1473 4546 ἑρπηατιπῐπ

166 4561 230 4614 F1²
245 4557 416 4632 ὲρκιιττικιατ
432 4563 466 4616 Ρ
486 4559 784 4632 Imrmmfinl'2128
802 4557 1058 4632 περιελιοσομίτιατ
1076 4561 1106 4614 τε
1124 4557 1352 4617 ίπελιωοαίνυτ
1370 4563 1392 4616 I'
1409 4561 1473 4634 ἐμ·

164 4645 340 4716 λισσομένω
358 4647 400 4702 He
435 4647 475 4705 3⁰
493 4642 618 4716 ἀναλέση
638 4647 672 4700 f*
