3520 5498
344 471 401 530 114
927 461 1060 516 Clemens.

342 629 571 696 διατείνονται
591 630 646 694 καὶ
668 619 870 711 μεταβάλλει
892 620 935 692 τὸ
957 621 1038 712 αἷμα
1059 627 1106 703 είς
1128 618 1226 710 γάλα,
1250 617 1428 710 ἀναλόγως
1450 628 1493 710 τῇ
1515 625 1570 692 έπὶ
1585 629 1648 711 τῆς

342 723 517 808 ἑλκῶσεως
552 727 600 806 είς
634 729 725 794 πύον
755 727 818 795 τού
849 725 990 810 αἳματος
1017 727 1200 810 μεταβολῇ·
1237 725 1304 792 εἴτε
1334 713 1377 790 αύ
1408 717 1475 792 ἀπὸ
1507 729 1581 792 τῶν
1609 727 1682 794 ένῦ

341 842 481 913 μαστοῖς
503 828 760 912 παρακειμένων
782 828 921 909 φλεβῶν
948 817 1257 910 άναστομουμένων
1282 820 1371 893 κατά
1398 819 1459 904 τάς
1480 819 1648 904 διατάσεις

342 929 404 1014 τῆς
434 920 586 1012 κυήσεως
616 921 657 993 τό
685 922 765 1009 αίμα
790 939 981 1011 μεταχεῑται
1007 919 1137 1004 εἰςτὰς
1164 919 1305 1006 φυσικάς
1336 928 1410 992 τῶν
1430 929 1574 1011 μαστῶν
1595 920 1650 1009 σύ-

307 1049 478 1112 5ραγγας,
510 1019 626 1110 τούτῳ
659 1028 694 1092 δὲ
725 1016 997 1110 ἀνακιρνάμενον
1031 1020 1073 1092 τό
1103 1015 1172 1092 ἀπὸ
1202 1028 1279 1092 τῶν
1308 1027 1521 1110 γειτνιωσῶν
1550 1049 1651 1092 κατα-

342 1119 561 1212 πεμπόμενον
584 1118 757 1211 ἀρτηριῶν
771 1127 911 1210 πνεῦμα,
934 1119 1098 1210 μενούσης
1113 1123 1164 1190 ἔτι
1179 1126 1241 1209 τῆς
1255 1120 1478 1210 ὑποκειμένης
1493 1115 1652 1210 ἀκεραίου

343 1227 407 1293 τού
443 1225 584 1308 αἵματος
620 1217 747 1306 ούσίας,
779 1218 1067 1310 ἐκκυμαινόμενον
1102 1227 1313 1292 λευκαίνεται
1348 1227 1402 1290 καί
1434 1227 1477 1310 τῇ
1508 1221 1651 1308 τοιαύτη

342 1317 500 1409 ἀνακοπῇ
529 1315 607 1392 κατ’
638 1319 843 1408 έξαφρισμόν
867 1318 1124 1409 μεταβάλλεται,
1154 1317 1395 1410 παραπλήσιόν
1416 1348 1449 1390 τι
1470 1322 1651 1405 πεπονθὸς

343 1427 386 1510 τῇ
408 1417 582 1508 θαλάττῃ,
615 1417 658 1510 ἢν
685 1419 726 1509 δὴ
755 1418 844 1491 κατά
874 1419 936 1502 τὰς
961 1418 1105 1509 ἐμβολάς
1132 1427 1205 1491 τῶν
1225 1417 1431 1509 πνευμάτων
1457 1421 1489 1493 οἱ
1510 1429 1651 1510 ποιηταί

292 1543 326 1598 10
343 1546 447 1609 φασιν
481 1517 690 1593 νάποπτύειν
720 1514 802 1602 άλὸς
833 1517 971 1608 άχνηντ·
1002 1520 1093 1610 πλὴν
1123 1517 1210 1592 ἀλλά
1237 1517 1318 1608 αίμα
1344 1521 1410 1607 ἔχει
1437 1519 1503 1608 τὴν
1526 1517 1650 1592 σύσίαν.

342 1620 459 1712 τούτῳ
490 1627 541 1710 τῷ
573 1615 694 1709 τρόπῳ
724 1627 779 1690 καὶ
811 1622 843 1691 οἱ
865 1629 1014 1709 ποταμοὶ
1039 1617 1136 1710 ῥόθῳ
1159 1617 1341 1710 φερόμενοι
1363 1627 1404 1708 τῇ
1430 1619 1651 1712 ἐμπεριλήψει
1668 1639 1725 1690 λιιι

344 1728 407 1793 τοῦ
436 1727 698 1810 περικεχυμένου
718 1715 817 1807 ἀέρος
848 1715 1040 1808 ξαινόμενοι
1061 1716 1174 1807 ἀφρόν
1194 1717 1433 1809 μορμύρουσιν,
1459 1726 1516 1790 καί
1539 1719 1581 1794 τό
1604 1725 1652 1792 έν-

343 1818 488 1911 στόμιον
519 1817 617 1910 ἡμῶν
647 1816 752 1908 ύγρόν
782 1825 832 1907 τῷ
864 1817 1030 1908 πνεύματι
1060 1822 1316 1891 ἐκλευκαίνεται.
1359 1827 1412 1902 τίς
1440 1811 1504 1891 ούν
1526 1815 1548 1909 ἡ
1570 1817 1653 1892 ἀπο-

343 1919 511 2012 κλήρωσις
532 1919 577 2009 μὴ
601 1915 674 2007 ούχλ
696 1926 753 1990 καὶ
775 1917 816 1989 τὸ
840 1917 919 2007 αἷμα
940 1921 995 1988 ἐπὶ
1017 1915 1058 1990 τό
1081 1915 1344 2006 φωτεινότατον
1364 1925 1419 1990 καλ
1440 1917 1652 1994 λευκότατον

293 2042 326 2096 15
343 2018 410 2093 ύπό
441 2027 505 2092 τοῦ
536 2018 729 2108 πνεύματος
751 2022 935 2105 τρέπεσθαι
957 2013 1152 2108 ὁμολογεῖν,
1177 2015 1295 2107 πάσχει
1317 2024 1352 2090 δὲ
1374 2018 1438 2107 τὴν
1458 2022 1653 2112 μεταβολὴν

344 2120 430 2192 κατά
452 2115 632 2208 ποιότητα,
657 2114 698 2190 ού
719 2113 794 2188 κατ’
811 2115 936 2190 ούσίαν.
978 2114 1091 2208 ἀμέλει
1113 2124 1196 2208 γοῦν
1219 2115 1261 2191 ού
1278 2118 1542 2209 τροφιμώτερον
1564 2119 1685 2195 ἄλλοι)

345 2249 379 2289 τι
410 2215 487 2292 οὐδὲ
513 2218 580 2306 μὴν
607 2217 814 2307 γλυκύτερον
841 2213 914 2287 ἀλλ’
945 2215 1023 2290 ούδλ
1044 2215 1250 2308 λευκότερον
1274 2211 1385 2307 εύρσις
1411 2214 1454 2289 άν
1475 2217 1652 2308 γάλακτος.

345 2315 459 2406 πάντη
491 2323 526 2389 δὲ
556 2319 665 2388 ἔοικεν
696 2315 811 2406 τούτῳ
833 2313 854 2406 ἡ
877 2317 1087 2408 πνευματικὴ
1110 2315 1236 2407 τροφή,
1268 2327 1405 2407 γλυκεῖα
1427 2325 1487 2408 μὲν
1510 2318 1565 2390 διὰ
1587 2320 1653 2408 τὴν

344 2414 442 2506 χάριν
463 2413 673 2504 ύπάρχουσα,
696 2413 863 2506 τρόφιμος
885 2422 920 2506 δὲ
943 2413 991 2498 ῶς
1014 2415 1098 2507 ζωή,
1121 2417 1220 2507 λευκὴ
1243 2423 1279 2488 δέ
1301 2415 1349 2500 ῶς
1370 2413 1475 2507 ἡμέρα
1490 2425 1651 2508 Χριστοῦ,

295 2535 330 2590 20
345 2525 401 2589 καί
431 2517 472 2588 τό
503 2516 584 2606 αίμα
614 2521 677 2588 τοῦ
705 2512 808 2604 λόγου
835 2522 1075 2604 πεφανέρωται
1097 2515 1146 2599 τός
1166 2512 1262 2606 γάλα.
1305 2514 1414 2606 ταύτῃ
1436 2526 1555 2590 τοίνυν
1573 2527 1652 2604 περὶ
1668 2539 1724 2600 411

344 2616 410 2708 τὴν
440 2611 629 2705 ἀποκύησιν
658 2613 944 2704 οἰκονομούμενον
977 2624 1027 2706 τῷ
1050 2622 1163 2704 βρέφει
1190 2615 1231 2688 τὸ
1253 2614 1340 2707 γάλα
1361 2637 1564 2706 χορηγεῑται,
1594 2627 1653 2688 καὶ
1745 2700 1746 2715 ¹

345 2722 378 2791 ολ
399 2724 530 2807 μαστοί,
553 2720 585 2788 οἱ
608 2721 695 2798 τέως
718 2713 782 2787 τόν
804 2714 911 2804 ἄνδρα
925 2712 1204 2806 περιβλεπόμενσι
1220 2711 1330 2806 ὀρθοί,
1352 2713 1415 2806 ἤδη
1431 2715 1653 2788 κατανεύουσι

343 2816 430 2906 πρός
465 2814 507 2887 τό
542 2820 692 2894 παιδίον,
732 2813 796 2905 τὴν
831 2811 899 2887 ύπό
936 2822 996 2903 τῆς
1033 2816 1166 2904 φύσεως
1201 2823 1445 2906 πεπονημένην
1480 2808 1654 2906 εύληπτον

343 2922 500 3007 παρέχειν
530 2911 764 3005 διδασκόμενοι
795 2914 931 3004 τροφὴν
952 2918 997 2996 είς
1018 2910 1220 3004 ἀνατροφὴν
1240 2925 1423 3007 σωτηρίας·
1455 2913 1496 2988 ού
1517 2915 1582 3006 γάρ
1603 2915 1654 2999 ῶς
1744 2905 1745 2999 Ι

293 3033 327 3086 25
344 3021 377 3088 αἱ
408 3023 512 3107 πηγαὶ
543 3011 682 3104 πλήρεις
713 3017 795 3085 εἰσὶν
825 3017 858 3086 σί
883 3022 1005 3104 μαστοὶ
1035 3018 1269 3104 ἐπεισρέοντος
1295 3017 1433 3106 ἑτοίμου
1451 3021 1455 3104 Ι
1474 3013 1654 3104 γάλακτος.
1674 3021 1725 3078 455

345 3113 431 3190 ἀλλά
465 3112 736 3207 μεταβάλλοντες
766 3113 831 3203 τὴν
860 3113 996 3204 τροφὴν
1027 3119 1064 3185 έν
1095 3115 1227 3197 ἑαυτοῖς
1256 3113 1457 3204 ἐργάζονται
1484 3112 1571 3203 γάλα
1596 3124 1654 3186 καὶ

344 3222 567 3288 διαπνέουσιν.
616 3210 771 3304 ἡτροφὴ
798 3219 834 3286 δὲ
859 3209 879 3303 ἡ
907 3211 1120 3302 κατάλληλος
1150 3207 1235 3304 αύτη
1265 3222 1321 3285 καὶ
1351 3210 1549 3306 πρόσφορος
1579 3237 1686 3290 νεο·2
1743 3209 1744 3250 ί

343 3334 444 3404 παγεῑ
471 3321 527 3385 καὶ
559 3331 696 3400 νεοφυεῑ
723 3316 849 3403 παιδίῳ
876 3312 962 3400 πρὸς
989 3319 1052 3385 τοῦ
1078 3321 1162 3385 θεοῦ
1184 3321 1247 3387 τοῦ
1269 3320 1425 3403 τροφέως
1445 3321 1501 3385 καλ
1522 3315 1654 3403 πατρὸς

429 3538 445 3592 1
465 3535 521 3607 vgl.
540 3535 628 3590 Galen
647 3531 697 3586 xv
715 3535 765 3589 ιω
782 3565 816 3574 -
835 3537 874 3590 ιο
897 3535 920 3589 ι
937 3537 988 3592 426
1006 3566 1038 3574 -
1059 3536 1096 3591 ιε
1115 3535 1170 3606 vgl.
1189 3537 1215 3590 π
1231 3537 1295 3601 τοτα
1319 3537 1348 3590 Σ
1362 3537 1426 3602 ιοε;
1445 3537 1471 3592 σ
1489 3539 1541 3593 325
1557 3535 1653 3611 (ἀφρῷ

344 3620 509 3694 μορμύρων)
528 3649 560 3659 -
581 3620 618 3674 19
637 3617 693 3688 vgl.
711 3619 785 3672 Past.
803 3619 894 3673 Herm.
915 3620 970 3674 vis.
990 3621 1028 3672 IV
1041 3622 1065 3686 3,
1083 3624 1100 3676 5
1118 3650 1150 3658 -
1170 3621 1284 3678 24—27
1305 3620 1361 3690 vgl.
1380 3620 1453 3676 Plut.
1471 3621 1537 3676 Vita
1554 3624 1654 3678 Aemil.

346 3710 378 3763 14
401 3702 429 3762 σί
445 3706 550 3775 μαστοὶ
574 3709 632 3759 τῶν
650 3707 792 3772 γυναικῶν
809 3699 860 3772 οὐχ
876 3697 975 3776 ὥσπερ
997 3702 1100 3776 ἀγγεῖα
1118 3707 1232 3776 πλήρεις
1250 3703 1321 3761 εἰσίν
1339 3703 1521 3777 ἐπιρρέοντος
1539 3701 1654 3775 ἑτοίμου
1741 3681 1742 3759 Ι

344 3789 494 3862 γάλακτος,
513 3784 584 3844 ἀλλὰ
596 3785 821 3858 μεταβάλλοντες
837 3790 889 3856 τὴν
906 3791 1014 3860 τροφην
1034 3786 1066 3844 έν
1083 3785 1180 3854 αὐτοῖς
1197 3785 1366 3860 ἐργάζονται
1384 3789 1459 3860 γάλα
1476 3793 1525 3846 καί
1543 3792 1653 3860 διηθοῦ-

346 3891 389 3930 σιν
406 3873 463 3928 und
477 3871 544 3926 Mor.
557 3890 581 3943 p.
595 3874 646 3928 496
659 3875 696 3935 A?
713 3871 769 3941 vgl.
789 3871 955 3937 Wendland,
973 3873 1082 3938 Quaeat.
1102 3874 1171 3928 Mus.
1189 3891 1215 3944 p.
1233 3877 1266 3930 59

431 4060 448 4114 2
468 4053 615 4122 ἑλκόνσεως
627 4058 652 4122 (λ
665 4055 734 4110 fiber
746 4055 772 4108 d.
785 4055 822 4124 Z.)
835 4055 877 4109 M1
891 4058 896 4125 Ι
911 4055 983 4112 πύον
995 4058 1030 4110 F¹
1042 4065 1127 4113 ποῖον
1139 4059 1176 4113 F*
1191 4060 1196 4127 Ι
1211 4058 1252 4113 41
1268 4055 1403 4129 σύριγγας
1414 4057 1473 4114 cat„
1489 4061 1493 4128 Ι
1509 4059 1527 4114 5
1546 4057 1653 4116 τούτων

346 4145 407 4200 Cat„
433 4151 518 4199 τοῦτο
537 4143 596 4196 Ars.
620 4143 625 4210 Ι
648 4146 822 4211 γειτνιωσῶν
840 4141 875 4194 Di
901 4142 1213 4210 vgl.Paed.1161,1;
1240 4143 1278 4195 111
1296 4145 1342 4209 60,
1360 4145 1377 4199 2
1403 4149 1587 4212 γειτνιουσιῖιν
1604 4145 1653 4198 FM
1739 4153 1740 4196 i

345 4231 563 4301 γειτνιαζουσῶν
582 4227 639 4282 eat.
655 4226 695 4291 19
714 4223 852 4295 θαλάττηι
870 4225 929 4296 (ἀει
947 4227 1008 4281 eine
1025 4245 1042 4282 τ
1058 4226 1126 4282 fiber
1145 4226 1170 4280 d.
1188 4227 1225 4296 Z.)
1238 4227 1282 4280 31²
1296 4229 1300 4296 Ι
1317 4227 1356 4282 1⁰
1374 4223 1513 4282 ἀποπτύει
1530 4228 1552 4281 F
1568 4230 1572 4296 Ι
1588 4223 1652 4299 ἔχειΙ

345 4311 404 4370 ἐστὶ
425 4313 468 4367 Wi
488 4316 491 4381 Ι
514 4313 550 4368 ll
574 4308 704 4380 ἐπιλιΙψει
723 4309 782 4365 cat.
806 4313 810 4378 Ι
836 4311 873 4367 12
898 4307 981 4383 ἀφρῷ
1000 4311 1078 4368 Hom.
1102 4313 1107 4380 Ι
1133 4312 1170 4368 14
1194 4311 1404 4376 φωτεινδτατον
1425 4311 1466 4365 M¹
1489 4312 1653 4370 τεινδτατον

345 4399 390 4452 Μ*
413 4401 418 4464 Ι
444 4398 507 4453 151
523 4393 684 4466 ὁμολογεῖν,
703 4393 822 4464 πάσχειν
840 4394 870 4452 δὲ
887 4425 920 4436 -
939 4394 1051 4458 οὐσίαν;
1077 4395 1226 4451 Markland
1249 4399 1254 4465 Ι
1279 4397 1317 4453 18
1334 4395 1426 4469 τούτῳ
1444 4395 1461 4464 λγ
1479 4399 1652 4466 πνευματικὴ

345 4483 437 4554 τροφή
450 4483 481 4536 St
492 4489 575 4537 τοῦτο
588 4487 622 4550 τῇ
635 4487 811 4550 πνευματικῇ
821 4487 915 4551 τροφῇ
927 4481 977 4534 FM
990 4486 1048 4536 Ars.
1059 4483 1118 4535 Cat„
1134 4483 1138 4548 Ι
1154 4482 1209 4537 let
1218 4485 1333 4552 γλυκεῖα
1351 4509 1384 4520 -
1401 4475 1578 4552 ύπάρχουσαΙ
1596 4479 1653 4550 ἥτις

346 4563 404 4622 έστλ
421 4570 536 4637 γλυκεῖα
554 4564 607 4634 μὲν
629 4562 674 4619 διὰ
697 4565 747 4632 τὴν
768 4563 853 4636 χάριν
871 4565 929 4620 eat.
951 4567 955 4633 Ι
977 4566 1015 4622 19
1033 4564 1133 4637 ἡμέρα.
1152 4584 1168 4614 ι
1186 4585 1202 4615 ι
1220 4567 1300 4620 Sohw
1324 4569 1327 4634 Ι
1352 4566 1392 4622 2⁰
1413 4567 1463 4620 καί
1479 4563 1512 4620 τδ
1531 4557 1603 4634 αἷμα
1620 4595 1651 4605 ·-

345 4647 420 4720 γάλα
438 4659 470 4709 <
488 4649 546 4704 cat.
1737 4645 1738 4648 ’
