3520 5498
524 464 705 536 Paedagogus
723 468 742 520 1.
761 467 902 538 666611.
921 472 962 532 64,
981 472 1072 536 1-57,
1091 470 1114 523 2.
1420 481 1478 545 123

165 627 197 697 οί
220 636 366 712 βασιλεῖς
381 634 523 716 Περσῶν
545 648 618 711 τοῖς
640 637 740 717 σφῶν
763 627 880 702 αύτων
901 636 1053 720 ἐφίστων
1068 642 1196 706 παισίν·
1224 631 1312 708 άλλά
1328 635 1478 722 τοξεύειν

164 722 275 811 μόνον
298 731 331 798 σί
353 732 472 810 παῖδες
495 724 610 812 αὐτοῖς
631 727 877 818 μανθάνουσιν,
901 727 1086 822 ἡβήσαντες
1110 741 1145 805 δέ
1167 729 1328 822 ἀδελφαῖς
1342 742 1398 806 καί
1419 765 1478 826 μη-

165 823 287 914 τράσιν
309 834 365 898 καί
386 835 539 915 γυναιξὶν
560 848 718 918 γαμεταῖς
741 859 777 900 τε
799 823 866 920 άμα
888 839 944 900 καί
965 839 1168 904 παλλακίσιν
1189 830 1424 923 άναρίθμσις’
1409 864 1478 906 επι-

163 934 354 1014 μίσγονται,
377 924 534 1016 καθάπερ
557 931 590 999 οί
612 925 737 1018 κάπροι
753 935 799 1012 είς
814 927 1029 1002 666666666’
1009 939 1197 1023 ησκημένοι.
1232 928 1302 1006 666
1317 929 1478 1024 ήμέτερος

127 1019 428 1148 οπαιδαγωγός“
408 1055 503 1116 αγιος
524 1025 607 1110 θεὸς
627 1025 801 1116 Ἰησοῦς(
782 1059 801 1101 ο
819 1053 929 1119 πασης
952 1037 1012 1120 τῆς
1034 1028 1310 1122 άνθρωπότητος
1331 1045 1477 1125 καθηγε-

163 1126 241 1214 μών
272 1123 385 1246 λόγος,
417 1123 521 1208 αύτός
542 1121 561 1197 6
585 1126 836 1217 φιλάνθρωπος
867 1129 950 1213 θεός
973 1133 1044 1202 ἐστι
1065 1129 1290 1222 παιδαγωγός.
1333 1141 1420 1223 λέγει
1441 1140 1480 1255 δέ
1495 1151 1559 1216 5111

164 1253 235 1296 που
257 1225 312 1296 διὰ
333 1233 395 1346 τής
417 1224 508 1316 ηόδής
530 1224 571 1297 τὸ
593 1233 726 1316 πνεῦμα
748 1227 789 1349 τά
812 1222 909 1320 άγιον
930 1236 978 1314 είς
1000 1229 1119 1303 ούτόν·
1165 1229 1414 1357 ιούτάρκησεν
1414 1233 1477 1306 τὸν

164 1323 252 1395 λαόν
272 1330 311 1396 ἐν
333 1334 376 1414 τῇ
397 1324 520 1416 ἐρήμῳ,
543 1331 582 1397 ἐν
604 1331 692 1415 δίψει
713 1327 894 1417 καύματος,
917 1335 955 1402 ἐν
977 1327 1126 1423 άνύδρφ·
1157 1332 1350 1406 ἐκύκλωσεν
1372 1331 1480 1456 αὐτήν

164 1431 221 1496 καί
243 1424 504 1498 ἐπαίδευσεν’
462 1426 569 1498 αυτόν
590 1435 645 1497 καί
669 1426 919 1516 διεφύλαξενζ
890 1461 938 1514 ως
960 1428 1065 1520 κόρην
1089 1427 1281 1522 ὀφθαλμοῦ.
1317 1430 1366 1516 ὥς
1380 1430 1480 1516 άετὸς

107 1537 145 1590 10
164 1522 330 1596 σκεπάσαι
361 1527 501 1598 νοσσιὰν
531 1523 638 1598 αύτοῦ
668 1535 724 1599 καί
754 1533 808 1600 ἐπὶ
841 1549 915 1614 τοῖς
947 1550 1100 1614 νεοσσοῖς
1127 1529 1234 1604 αὐτοῦ
1256 1531 1479 1622 ἐπεπόθησεν.

165 1631 248 1708 διεὶς
279 1625 341 1709 τάς
362 1632 530 1716 πτέρυγας
561 1623 669 1698 αὐτοῦ
689 1631 827 1715 ἐδέξατο
850 1627 974 1714 αύτούς
1004 1637 1060 1701 καὶ
1081 1627 1245 1714 άνέλαβεν
1278 1630 1402 1716 αύτούς
1424 1637 1479 1704 ἐπὶ

165 1731 241 1796 τῶν
262 1735 490 1815 μεταφρένων
508 1722 628 1798 αὐτοῦ·
664 1726 778 1817 κύριος
800 1726 905 1819 μόνος
927 1721 1008 1819 ἦγεν
1031 1727 1155 1813 αύτούς
1176 1739 1232 1801 καί
1255 1728 1317 1803 ούκ
1338 1723 1383 1820 66
1407 1728 1478 1820 μετ’

166 1820 285 1896 αύτῶν
306 1823 389 1909 θεὸς
408 1821 619 1913 άλλότριοςπ
665 1835 793 1915 σαφῶς,
817 1829 921 1914 οἶμαι,
944 1828 1008 1901 τόν
1030 1828 1251 1919 παιδαγωγὸν
1272 1835 1479 1903 ἐνδείκνυται

166 1921 187 2013 6
210 1924 323 2015 γραφή
347 1924 412 2014 τήν
432 1922 570 2016 άγωγήν
593 1923 699 1998 αύτοῦ
721 1934 931 2018 διηγουμένη.
963 1926 1071 2002 πόλιν
1093 1937 1128 2000 66
1148 1927 1234 2001 όταν
1249 1936 1329 2019 λέγη
1346 1929 1399 2001 διά
1415 1938 1511 2004 τσύ2

108 2035 146 2088 15
165 2029 256 2097 ἐδέου
276 2025 474 2111 προσιάπου,
506 2025 630 2096 ἑαυτὸν
652 2022 812 2116 ὁμολογεῖ
831 2026 1062 2119 παιδαγωγόν·
1108 2029 1193 2119 »ἐγὼ
1216 2028 1331 2118 κύριος
1354 2025 1374 2101 6
1397 2028 1478 2113 θεός

166 2149 237 2208 σου,
260 2119 279 2196 6
302 2125 477 2214 ἐξαγαγών
499 2149 534 2195 σε
560 2129 596 2196 ἐκ
626 2133 686 2216 γῆς
707 2126 910 2218 Αίγύπτουα
957 2137 1009 2210 τίς
1039 2122 1101 2201 οὖν
1132 2133 1198 2218 ἔχει
1227 2136 1384 2216 ἐξουσίαν
1414 2135 1478 2202 τοῦ

165 2223 264 2314 άγειν
286 2230 364 2296 ε’ίσω
387 2253 426 2295 τε
448 2233 504 2296 καί
525 2226 606 2311 ἐξω;
629 2223 701 2314 ούχί
717 2223 735 2298 ό
751 2225 984 2317 παιδαγωγός,·
1007 2221 1109 2310 οὗτος
1127 2225 1252 2318 »ὤφθη
1268 2236 1318 2318 τῷ
1334 2225 1478 2319 Ἁβραάμ

165 2331 223 2395 καὶ
245 2324 338 2394 είπεν
361 2323 469 2415 αύτῷ·
491 2326 558 2414 ἐγω
580 2331 645 2414 εἰμι
667 2321 686 2396 δ
709 2323 789 2408 θεός
812 2350 886 2399 σου·
909 2324 1078 2418 εύαρέστει
1100 2324 1251 2400 ἐνώπιόν
1271 2357 1363 2416 μου(
1403 2335 1478 2401 τοῦ·
1496 2353 1512 2408 3

167 2453 231 2496 τον
253 2430 289 2494 66
309 2425 641 2515 παιδαγωγικιάτατα
662 2421 970 2513 ύποκατασκευάςει
985 2434 1089 2499 παῖδα
1104 2426 1241 2508 πιστόν,
1274 2436 1347 2500 »καὶ
1362 2438 1475 2518 γίνου(

109 2541 146 2596 20
166 2520 278 2612 φήσας
303 2523 506 2612 »ἄμεμπτος
547 2531 602 2595 καί
624 2523 723 2615 θήσω
745 2525 812 2616 τὴν
833 2523 1002 2616 διαθήκην
1022 2556 1087 2618 μου
1110 2524 1175 2600 άνά
1196 2536 1299 2619 μέσον
1321 2533 1402 2618 ἐμοῦ
1423 2538 1480 2600 καί

166 2620 231 2695 άνά
253 2630 358 2712 μέσον
379 2631 440 2698 666
461 2632 517 2695 καί
540 2632 602 2696 τοῦ
624 2624 816 2714 σπέρματός
832 2650 921 2698 666«.
964 2635 1079 2714 φιλίας
1095 2633 1247 2699 ἐνταῦθα
1262 2633 1480 2716 ἐπιστατικής

166 2727 238 2794 ἐστι
261 2732 436 2795 κοινωνία.
464 2720 752 2809 τοῦδέἸακωβέ
755 2732 965 2816 ναργέστατα
979 2726 1196 2816 παιδαγωγός
1212 2729 1296 2800 εἶναι
1312 2735 1480 2815 φαίνεται

166 2829 257 2911 λέγει
287 2829 371 2911 γοῦν
403 2820 511 2914 αύτῷ·
559 2823 651 2896 »6666
672 2825 739 2914 ἐγω
761 2825 846 2913 μετὰ
867 2831 937 2911 σού,
961 2822 1208 2948 διαφυλάροων
1223 2851 1260 2898 σε
1281 2832 1319 2898 66
1340 2836 1384 2916 τῇ
1406 2822 1513 2946 6664

165 2920 275 3045 πήδη,
292 2915 332 2994 66
355 2919 397 2993 66
418 2932 605 3012 πορευθῇς
648 2933 703 2996 καί
726 2920 933 3013 άποστρέψω
957 2949 993 2997 σε
1015 2930 1060 3008 είς
1082 2925 1148 3014 τήν
1167 2933 1230 3015 γῆν
1252 2925 1391 3016 ταύτην,
1423 2920 1477 2998 ότι

110 3039 146 3092 25
167 3018 208 3094 ού
230 3019 275 3112 μή
298 3047 335 3092 οε
355 3025 651 3112 ἐγκαταλείπω1ἐ
652 3053 698 3105 ως
713 3053 778 3095 του
762 3030 931 3114 ποιησαί
943 3054 984 3115 με
999 3049 1061 3096 σσα
1077 3022 1222 3115 ἐλάλησά
1238 3050 1318 3098 σοι(
1361 3025 1476 3116 τούτῳ
1496 3043 1579 3098 1321

167 3128 203 3193 66
225 3128 281 3194 καί
303 3131 523 3211 συμπαλαίειν
545 3131 685 3213 λέγεται.
731 3120 938 3245 »ὑπελείφθη
961 3131 1026 3209 66«,
1058 3133 1176 3214 φησίν,
1210 3121 1345 3211 »Ἰακώβ
1364 3122 1477 3213 μόνος,

166 3228 223 3294 καὶ
254 3219 416 3342 ἐπάλαιεν
447 3219 517 3312 μετ’
541 3219 648 3294 αὐτοῦ
670 3222 887 3313 άνθρωποςι,
919 3218 1190 3313 δπαιδαγωγός,
1224 3232 1335 3314 »μέχρι
1356 3233 1500 3315 πρωίῦι

167 3313 271 3402 οὗτος
301 3324 344 3410 66
375 3315 393 3392 6
420 3317 651 3441 άνθρωποςδ
680 3321 777 3442 ἄγων
798 3329 853 3392 καὶ
886 3331 1013 3412 φέρων,
1044 3319 1063 3395 6
1092 3321 1403 3413 συγγυμναζόμενος
1424 3331 1561 3408 κα151,1

166 3419 323 3544 άλείφων
344 3420 433 3492 κατὰ
455 3427 519 3493 τοῦ
541 3428 695 3512 πονηροῦ
717 3421 782 3494 τόν
803 3418 954 3512 άσκητήν
967 3417 1091 3506 Ἰακοάβ.
1135 3419 1190 3494 ότι
1213 3419 1290 3495 66
1270 3455 1289 3496 6
1312 3421 1414 3514 λόγος
1435 3415 1479 3512 66

111 3537 148 3592 30
167 3517 187 3593 6
211 3517 373 3609 ἀλείπτης
396 3512 463 3610 άμα
485 3551 538 3610 τῳ
521 3517 670 3605 ’Ἰακώβ
689 3552 731 3593 κα
732 3521 1032 3611 παιδαγωγος
990 3551 1052 3612 της
1068 3519 1352 3614 άνθρωπότητος,
1376 3519 1480 3612 »6666-

166 3645 298 3710 τησενι,
325 3627 441 3750 φησίν,
475 3616 599 3691 »αὐτόν
621 3629 676 3692 καὶ
699 3618 857 3692 είπεν’
815 3629 922 3712 αυτῷ
950 3619 1151 3711 ἇνάγγειλόν
1171 3649 1229 3710 μοι
1250 3633 1285 3695 τί
1307 3622 1348 3695 τό
1371 3616 1480 3744 66666

168 3746 238 3792 σου.
282 3727 337 3791 καὶ
360 3721 466 3790 εἶπεν
489 3723 545 3790 ίνα
566 3728 601 3791 τί
622 3727 727 3794 τοῦτο
749 3722 938 3840 ἐρωτᾷς
901 3753 943 3794 το
967 3715 1076 3811 όνομά
1096 3749 1193 3810 μουμ
1219 3721 1388 3812 ἐτήρει
1352 3751 1415 3843 γαρ
1437 3720 1479 3844 66

169 3817 279 3911 ὄνομα
300 3817 342 3890 τὸ
365 3817 487 3890 καινόν
508 3825 559 3908 τῷ
584 3827 650 3911 νέῳ
667 3824 739 3911 ίαῷ
755 3827 805 3910 τῷ
828 3829 953 3912 νηπίῳ·
998 3825 1048 3893 ἐτι
1070 3819 1149 3893 66'
1129 3820 1373 3912 ανωνόμαστος
1394 3825 1437 3911 ήν
1460 3817 1513 3896 62

256 4039 552 4110 lrvgl.Herod61‚
573 4043 622 4097 136
648 4070 681 4080 -
710 4041 802 4098 1-13
820 4041 900 4096 Dent.
918 4043 959 4110 32,
978 4045 1079 4100 10-12
1106 4075 1138 4083 -
1167 4044 1229 4100 151
1250 4043 1480 4108 11101212-

169 4127 284 4183 11-21
306 4126 373 4180 Gen.
392 4127 433 4192 17,
452 4128 475 4180 1.
493 4128 517 4180 2.
537 4127 551 4179 7
569 4156 603 4164 -
622 4125 735 4181 26-26
755 4126 882 4190 (1111128,
902 4130 934 4182 15
960 4157 993 4166 —
1020 4128 1081 4184 261
1097 4129 1164 4184 Gen.
1182 4131 1223 4192 32,
1242 4131 1326 4184 24-
1345 4125 1480 4196 291131.

168 4211 251 4266 Philo
269 4211 310 4266 Do
327 4213 394 4264 mut.
412 4227 485 4266 nom.
505 4211 538 4266 87
557 4211 579 4278 (Ι
596 4229 624 4280 p.
643 4211 745 4278 591111
763 4240 796 4248 -
815 4210 928 4265 60-62
949 4211 1016 4266 Gen.
1034 4213 1076 4280 32,
1093 4213 1127 4268 29

257 4395 274 4450 6
294 4393 383 4465 [θεὸς]
401 4395 533 4461 θυ1υ16
551 4391 618 4463 [ἐστι
637 4393 827 4464 παιδαγωγός]
845 4392 924 4448 Schw
944 4394 947 4460 1
969 4393 987 4449 8
1005 4394 1081 4463 δίψει
1099 4395 1135 4448 1*
1157 4395 1224 4464 δίψη
1243 4395 1276 4449 6¹
1301 4398 1305 4464 1
1330 4396 1368 4451 11
1392 4393 1431 4464 66]
1450 4413 1481 4451 τε

168 4480 197 4534 M
214 4481 218 4546 Ι
233 4476 312 4548 λέγηι
329 4478 369 4531 6¹
389 4477 465 4548 λέγει
481 4478 526 4532 M*
543 4480 546 4546 1
562 4479 600 4534 25
619 4474 816 4548 ἐγκαταλείπω
833 4477 908 4560 211111
920 4474 1100 4550 ἐγκαταλίπω
1118 4479 1151 4533 F¹
1176 4482 1179 4548 1
1204 4480 1243 4536 28
1270 4476 1287 4535 6
1305 4477 1404 4549 ἀγῶνα
1423 4477 1479 4536 ἐπι-

169 4579 266 4650 φέρων
283 4577 433 4634 Markland
457 4580 461 4647 1
485 4579 525 4634 30
551 4586 600 4648 τῆς
618 4572 852 4650 α’νθρωπδτητος]
876 4561 961 4652 ἷήτος
986 4579 1015 4633 M
1044 4579 1102 4643 (νεά
1128 4597 1183 4636 von
1200 4581 1243 4635 Μ2
1260 4599 1297 4636 an
1314 4582 1400 4638 Stella
1426 4599 1480 4637 von

169 4665 219 4720 616.
238 4661 360 4731 Buchst.)
382 4666 386 4732 1
406 4664 446 4718 θθ
465 4659 664 4732 δνῦνδμαστος
681 4665 706 4717 d.
724 4665 741 4718 i.
760 4661 965 4734 ἀνωνόμαστος
982 4664 1016 4718 6²
1034 4658 1235 4735 α’νονδμαστος
1252 4667 1318 4721 6¹66
