3520 5480
321 411 381 472 280
910 407 1043 462 Clemens.

321 574 431 648 θειαν,
454 572 516 654 τῆς
538 567 701 658 πατρῴας
723 574 877 656 ἐξέβαλεν
900 567 1004 660 αύλῆς
1027 567 1046 643 ό
1072 569 1197 660 κύριος,
1219 571 1264 660 μὴ
1285 571 1494 660 βουλόμενος
1515 571 1635 646 ἀδίκου

321 672 483 756 ἐμπορίας
506 663 527 756 ἢ
550 663 708 758 λόγωνῆ
740 678 813 741 τῶν
835 673 870 756 ἐξ
900 663 982 760 ύλης
1004 669 1191 761 κτημάτων
1213 671 1309 744 οίκον
1340 673 1426 744 είναι
1449 673 1514 745 τὸν
1538 674 1635 745 οἶκοι·
1727 671 1728 686 ’

322 773 385 838 τοῦ
408 773 492 839 θεοῦ
513 765 576 838 τόν
598 761 703 857 άγιον.

404 865 474 942 Ἐπὶ
498 873 533 937 δέ
555 867 620 958 τὴν
641 874 823 958 ἐκκλησίαν
846 865 969 944 ἀκτέον
992 869 1057 959 τὴν
1078 891 1220 959 γυναῖκα
1240 877 1295 944 καλ
1323 872 1387 944 τὸν
1408 872 1518 960 ἄνδρα
1541 877 1663 945 ἐστο3
1728 873 1729 914 ³

287 976 687 1060 ςλισμένουςκοσμίως,
724 965 889 1058 ἀπλάστῳ
925 977 1119 1059 βαδίσματι,
1156 976 1337 1061 ἐχεμυθίαν
1371 967 1636 1062 ἀσπαζομένους,
1729 1006 1730 1054 χ

324 1067 477 1160 »ἀγάπην
500 1063 749 1156 ἀνυπόκριτονι
778 1075 1018 1158 κεκτημένους,
1041 1066 1164 1160 άγνούς
1186 1070 1229 1142 τὰ
1252 1071 1401 1160 στύματα,
1423 1067 1551 1160 ἀγνούς
1575 1071 1636 1154 τάς

320 1177 469 1258 καρδίας,
496 1173 707 1256 ἐπιτηδείους
727 1168 978 1257 προσεύξασθαι
1008 1177 1060 1260 τῷ
1084 1178 1164 1260 θεῷ.
1186 1183 1307 1242 πλεῖον
1337 1178 1442 1242 τοῦτο
1473 1175 1583 1258 ἐχέτω
1617 1169 1663 1259 ἦ4

322 1267 419 1361 γυνή·
429 1265 638 1353 κεκαλύφθω
649 1267 693 1338 τά
701 1265 827 1345 πάντα,
838 1268 930 1358 πλὴν
942 1275 970 1339 εί
978 1270 1023 1360 μὴ
1034 1275 1122 1343 οἴκοι
1133 1269 1241 1358 τύχοι·
1257 1269 1379 1358 σεμνὸν
1394 1269 1457 1360 γάρ
1472 1271 1515 1342 τό
1525 1277 1636 1360 σχῆμα

322 1377 378 1441 καὶ
404 1365 658 1444 ἀκατάσκοπον·
685 1374 741 1440 καί
768 1361 894 1440 ούποτε
921 1365 1007 1458 αύτὴ
1029 1369 1236 1460 σφαλήσεται
1265 1369 1333 1459 πρὸ
1364 1377 1436 1441 τῶν
1468 1365 1637 1460 ἀμμάτων

272 1502 305 1556 10
324 1469 387 1559 τὴν
410 1473 494 1540 αίδῶ
517 1476 573 1540 καί
594 1467 661 1556 τὴν
682 1463 878 1557 ἀμπεχόνην
899 1475 1025 1566 θεμένη
1048 1466 1127 1540 ούδὲ
1157 1469 1266 1542 ἀλλον
1289 1477 1334 1554 είς
1361 1464 1506 1542 ὄλισθον
1533 1466 1637 1560 ἀμαρ-

322 1579 397 1652 τίας
419 1573 634 1640 ἐκκαλέσεται
664 1566 705 1639 τό
727 1566 917 1656 πρόσωπον
939 1564 1227 1657 ἀπογυμνουμένη.
1275 1575 1380 1642 τοῦτο
1403 1569 1466 1657 γάρ
1489 1565 1510 1640 ό
1533 1566 1637 1658 λόγος

322 1670 492 1756 βούλεται,
516 1673 586 1738 ἐπεὶ
617 1675 751 1753 πρέπον
781 1663 866 1755 αύτῇ
897 1672 1164 1757 ἐγκεκαλυμμένη
1193 1667 1447 1756 προσεύχεσθαι.
1500 1669 1568 1758 τὴν
1601 1676 1663 1740 δὲῦ

324 1775 441 1840 Λίνεία
477 1763 617 1854 γυναῖκά
648 1791 730 1852 φασι
761 1764 808 1836 δι’
839 1765 1031 1856 ύπερβολὴν
1061 1765 1268 1856 σεμνότητος
1297 1773 1379 1857 μηδὲ
1413 1774 1474 1856 τῆς
1516 1777 1636 1855 Τροίας

323 1866 690 1957 άλισκομένηςπεριδεᾶ
700 1872 883 1957 γενομένην
898 1863 1196 1952 ἀποκαλύψασθαι,
1213 1864 1300 1941 ἀλλὰ
1315 1875 1426 1940 καίτοι
1442 1867 1637 1954 φεύγουσαν

272 1999 305 2052 15
323 1975 360 2040 ἐκ
378 1975 439 2058 τῆς
454 1967 676 2056 ἐκπυρώσεως
698 1985 807 2053 μεῖναι
822 1973 1145 2057 συγκεκαλυμμένην.
1176 1967 1356 2050 τοιούτους
1377 1973 1413 2039 δέ
1431 1969 1533 2055 ἐχρῆν
1555 1963 1634 2054 παρ’
1651 1981 1700 2032 υτ]

323 2065 408 2142 όλον
429 2068 494 2141 τὸν
508 2075 584 2150 βίον
599 2073 781 2154 φαίνεσθαι
795 2073 850 2136 καί
865 2064 1132 2138 διαπλάττεσθαι
1154 2067 1235 2148 τούς
1251 2073 1387 2156 Χριστῷ
1409 2071 1636 2153 τελουμένους

324 2175 415 2252 οἵους
438 2175 525 2254 σφᾶς
547 2171 584 2237 ἐν
606 2170 795 2256 ἐκκλησίαις
816 2170 871 2238 ἐπὶ
894 2165 935 2238 τὸ
958 2163 1163 2255 σεμνότερον
1178 2174 1442 2256 σχηματίζουσιν,
1466 2172 1523 2236 καὶ
1538 2167 1634 2236 εἶναι.

324 2269 367 2357 μὴ
389 2273 500 2338 δοκεῖν
519 2266 614 2341 είναι,
630 2263 817 2348 τοιούτους,
836 2259 949 2348 οὕτως
963 2287 1089 2351 πραεῖς,
1106 2261 1216 2350 οὕτως
1230 2263 1387 2349 εύλαβεις,
1404 2263 1634 2354 ἀγαπητικούς

324 2363 449 2448 ούτως·
471 2372 545 2436 νυνὶ
568 2370 603 2434 δε
625 2361 688 2436 ούκ
710 2361 776 2436 οίδ’
792 2359 889 2448 ὅπως
911 2364 1246 2454 συμμεταβάλλονται
1273 2385 1346 2448 τοῖς
1368 2363 1490 2447 τόποις
1512 2371 1569 2436 καὶ
1592 2365 1664 2436 τάκ

271 2495 308 2550 20
325 2465 477 2556 σχήματα
498 2471 552 2535 καὶ
568 2464 650 2546 τούς
672 2461 830 2552 τρόπους,
845 2463 1002 2552 καθάπερ
1024 2473 1080 2536 καί
1095 2465 1176 2548 τούς
1190 2465 1388 2550 πολύποδας
1403 2484 1477 2547 ταῖς
1492 2471 1632 2552 πέτραις

325 2575 429 2654 φασὶν
450 2571 733 2654 ἐξομοιουμένους,
756 2562 808 2647 αἶς
832 2563 874 2636 ἀν
888 2572 1149 2655 προσομιλῶσιν,
1172 2565 1353 2647 τοιούτους
1373 2573 1558 2652 φαίνεσθαι
1579 2569 1632 2634 καὶ

325 2666 389 2755 τὴν
424 2663 551 2754 χροιάν.
607 2663 648 2735 τὸ
685 2670 769 2752 γοῦν
800 2670 861 2754 τῆς
897 2672 1093 2755 συναγωγῆς
1130 2669 1252 2736 ἔνθεον
1282 2665 1366 2753 μετὰ
1398 2663 1464 2752 τὴν
1494 2669 1663 2735 ἐνθένδε3

325 2764 527 2855 ἀπαλλαγὴν
549 2761 757 2853 ἀποθέμενοι
780 2783 853 2848 τοῖς
874 2774 1017 2845 πολλοῖς
1043 2769 1286 2854 ἐξομοιούνται,
1308 2762 1385 2854 μεθ’
1408 2755 1460 2833 ὦν
1474 2772 1532 2834 καὶ
1554 2769 1633 2834 διαι-

325 2875 467 2940 τῶνται·
490 2872 622 2954 μᾶλλον
637 2870 672 2936 δὲ
687 2869 891 2953 ἐλέγχονται,
912 2864 978 2954 τὴν
991 2867 1201 2935 ἐπίπλαστον
1217 2861 1425 2952 ἀποθέμενοι
1442 2869 1503 2951 τῆς
1519 2860 1635 2951 σεμνό-

269 2993 307 3046 ⁴25
326 2996 430 3057 τητος
451 2961 638 3050 ύπόκρισιν,
662 2963 729 3036 οἷοι
760 2957 857 3046 ὄντες
884 2961 1101 3053 ἐλελήθεσαν·
1132 2970 1186 3034 καλ
1216 2963 1281 3035 τὸν
1310 2973 1387 3052 περὶ
1419 2969 1503 3034 θεοῦ
1531 2959 1664 3051 λύγονε

326 3063 543 3152 σεβασάμενοι
565 3071 851 3137 καταλελοίπασιν
872 3067 972 3136 ἐνδον
995 3055 1036 3134 οὗ
1057 3059 1214 3151 ἤκουσαν,
1242 3065 1373 3148 ἔξωθεν
1400 3069 1435 3133 δὲ
1457 3061 1524 3150 ἀρα
1551 3061 1634 3151 μετά

326 3173 400 3236 τῶν
414 3163 529 3237 ἀθέων
545 3159 694 3239 άλύοοσι,
709 3161 914 3253 κρουμάτων
936 3173 991 3234 καὶ
1007 3160 1256 3252 τερετισμάτων
1271 3166 1449 3251 ἐρωτικῶν
1464 3157 1634 3250 αὐλῳδίας

328 3294 363 3337 τε
385 3273 441 3336 καὶ
455 3263 584 3353 κρότου
597 3269 652 3334 καὶ
671 3269 779 3351 μέθης
794 3270 849 3334 καὶ
865 3262 998 3346 παντὸς
1012 3259 1308 3352 ἀναπιμπλάμενοι
1324 3266 1505 3347 συρφετοῦ·
1528 3267 1633 3332 τοῦτο

327 3366 367 3455 δὴ
391 3361 530 3458 ᾅδοντες
551 3370 607 3433 καὶ
629 3359 835 3453 ἀντᾴδοντες
854 3360 950 3435 αύτολ
967 3367 999 3436 οἱ
1020 3361 1173 3452 πρόσθεν
1196 3367 1416 3447 ἐξυμνούντες
1431 3356 1631 3431 ἀθανασίαν,

271 3497 308 3550 30
326 3471 380 3536 ἐπὶ
417 3471 506 3534 τέλει
543 3461 607 3551 τὴν
642 3460 880 3552 ἐξωλεστάτην
919 3470 1018 3536 κακοὶ
1044 3471 1157 3546 κακῶς
1192 3458 1384 3546 ψάλλοντες
1404 3466 1631 3549 παλινῳδίαν·

329 3562 510 3652 »φάγωμεν
546 3571 601 3634 καὶ
636 3571 776 3653 πίωμεν,
804 3571 809 3650 Ι
837 3555 956 3650 αύριον
989 3563 1052 3650 γάρ
1088 3559 1377 3650 ἀποθνήσκομεν(
1436 3563 1470 3630 οἳ
1500 3566 1536 3631 δέ
1572 3557 1632 3632 ούκ
1648 3569 1737 3629 301Ρὲ

326 3659 445 3753 αύριαν
460 3661 611 3752 ἀληθῶς,
628 3659 702 3735 ἀλλ’
718 3661 781 3752 ἤδη
793 3660 977 3752 τεθνήκασι
988 3669 1038 3752 τῷ
1056 3670 1138 3753 θεῷ,
1149 3659 1348 3744 θάπτοντες
1359 3659 1632 3746 τούςσφετέρους

327 3763 475 3853 νεκρούς,
498 3769 675 3834 τουτέστιν
691 3759 815 3845 αύτούς
837 3768 883 3845 είς
906 3759 1062 3834 θάνατον
1076 3761 1358 3849 κατορύττοντες.
1395 3756 1631 3831 ἀντιτάσσεται

324 3871 363 3936 δὲ
385 3860 500 3944 αύτοίς
531 3855 567 3933 εύ
598 3859 688 3951 μάλα
719 3868 918 3953 ἐρρωμένως
948 3859 966 3936 ό
999 3859 1205 3944 ἀπόστολος·
1238 3859 1299 3950 »μὴ
1331 3865 1522 3931 πλανᾶσθε·
1557 3851 1632 3930 οὔτε

414 4069 485 4124 1-θ
509 4069 564 4138 vgl.
584 4069 743 4132 11111121,
763 4071 824 4136 1‘2f3
853 4069 941 4123 Mark.
959 4072 1004 4133 11,
1024 4071 1136 4134 15-17;
1163 4066 1232 4121 Luk.
1250 4067 1291 4128 19,
1308 4064 1371 4127 451;
1401 4063 1461 4119 Joh.
1491 4065 1516 4130 2,
1536 4063 1634 4118 14-16

327 4185 360 4195 -
386 4156 404 4210 θ
429 4154 581 4223 τςῙ.11ὃοι.
601 4156 689 4222 12,9;
716 4155 741 4208 11
760 4155 823 4210 Kor.
843 4155 902 4218 6,6
928 4185 960 4192 -
987 4153 1026 4209 61
1049 4152 1104 4222 vgl.
1126 4151 1225 4206 Μαάθ.
1252 4153 1276 4217 ὅ,
1294 4150 1311 4204 8
1331 4179 1364 4188 —
1392 4145 1429 4204 12
1456 4148 1512 4218 vgl.
1541 4149 1633 4202 IKor.

330 4243 370 4306 11,
387 4239 423 4295 51
446 4269 479 4278 -
508 4239 572 4294 171
594 4238 1114 4308 τ31..1εεσ1ι.8ερί.592-20-22
1141 4234 1197 4308 vgl.
1223 4233 1361 4304 Theognis
1378 4231 1447 4290 215f
1462 4232 1548 4302 (Plan
1566 4232 1632 4286 Mor.

327 4341 353 4394 p.
371 4323 450 4390 961⁴}
469 4325 565 4386 9160:
582 4325 690 4390 978Ε);
709 4328 804 4379 Arsen.
817 4323 889 4378 Viol.
908 4340 933 4392 p.
945 4323 996 4376 412
1008 4321 1052 4378 W.
1070 4353 1105 4362 -
1124 4322 1161 4378 ⁸1
1182 4320 1276 4374 lKor.
1295 4321 1335 4380 15,
1353 4319 1387 4373 32
1405 4318 1468 4388 (Jes.
1487 4320 1528 4377 22.
1542 4317 1585 4386 13)
1601 4345 1632 4354 -

325 4410 394 4465 321
411 4407 466 4479 vgl.
485 4409 583 4464 Matth.
600 4412 624 4474 8,
643 4410 687 4474 22;
706 4410 774 4464 Luk.
792 4411 816 4474 9,
834 4409 868 4463 60
885 4435 918 4446 -
937 4407 1036 4463 84-8.
1056 4408 1124 4472 281,
1142 4407 1161 4463 θ
1179 4407 1190 4461 1
1211 4405 1273 4458 Kor.
1291 4405 1315 4462 6.
1333 4403 1369 4459 91

416 4612 453 4668 10
472 4609 536 4667 οὐδὲ
554 4613 588 4666 Di
606 4607 672 4667 οὔτε
690 4612 731 4678 ΡΙ
749 4613 786 4668 12
805 4609 866 4668 ἐπεὶ
884 4611 918 4663 P¹
937 4605 982 4665 ἐπὶ
1000 4613 1038 4664 Ρ*
1054 4613 1058 4679 Ι
1075 4609 1111 4664 21]
1127 4608 1368 4664 καταλελοίπασιν
1386 4607 1444 4672 (ασι
1463 4604 1492 4658 in
1509 4604 1581 4672 Rus.)
1600 4603 1630 4656 ΡΙ
