3520 5498
549 441 737 510 Protreptious
755 439 819 512 Cap.
837 439 885 496 IV.
903 443 944 504 56,
963 442 1055 505 2-58,
1074 444 1098 495 3,
1439 454 1479 514 45

167 614 274 680 τοῦτο
301 611 560 691 Φιλοστέφανος
580 606 718 692 ίστορεῖ·
748 600 928 692 Ἀφροδίτη
950 609 986 674 δὲ
1008 603 1094 693 άλλη
1117 609 1154 676 ἐν
1180 613 1294 695 Κνίδῳ
1317 614 1416 692 λίθος
1439 601 1480 696 ἦν

165 714 223 779 καὶ
253 705 342 795 καλή
373 698 429 795 ήν,
463 707 576 792 έτερος
603 700 736 792 ήράσθη
759 701 885 790 ταύτης
905 709 961 773 καί
983 710 1139 792 μίγνυται
1161 711 1204 792 τῇ
1226 712 1329 794 λίθῳ·
1361 715 1480 779 Ποσεί-

167 813 294 888 διππος
324 809 466 895 ἱστορεῖ,
498 800 517 875 ὁ
544 809 605 893 μὲν
635 799 804 893 πρότερος
836 807 873 873 ἐν
900 811 950 892 τῷ
977 811 1054 891 περὶ
1079 802 1230 893 Κύπρου,
1265 800 1342 876 ύδὲ
1366 809 1479 895 ἕτερος

165 910 203 976 ἐν
235 913 286 996 τῷ
318 911 394 992 περὶ
426 910 562 976 Κνίδου.
607 909 776 974 τοσοῦτον
803 906 935 990 ’ίσχυσεν
963 899 1133 993 άπατήσαι
1154 912 1255 994 τέχνη
1278 905 1480 995 προαγωγὸς

131 1002 371 1094 σύνθροδποις
408 1010 586 1092 ἐρωτικοῖς
623 1010 669 1086 είς
703 1000 882 1092 βάραθρον
912 1009 1082 1093 γενομένη.
1135 1001 1336 1094 δραστήριος
1366 1013 1426 1094 μὲν
1457 1003 1512 1094 ή4

166 1101 402 1194 δημιουργική,
426 1098 504 1175 ἄλλ’
527 1100 588 1191 ούχ
610 1107 664 1174 σία
687 1131 725 1172 τε
746 1098 919 1190 άπατήσαι
940 1101 1078 1190 λογικὸν
1101 1100 1178 1174 ούδὲ
1200 1103 1266 1193 μήν
1290 1105 1370 1188 τούς
1391 1105 1478 1176 κατὰ

167 1202 274 1295 λόγον
294 1199 514 1292 βεβιωκότας·
552 1211 745 1291 ζωγραφίας
767 1207 829 1291 μὲν
855 1201 917 1291 γάρ
939 1197 980 1271 δι’
1003 1197 1190 1292 ὁμοιότητα
1213 1202 1479 1294 σκιαγραφήταις

166 1322 380 1394 περιστεραῖς
410 1309 649 1391 προσέπτησαν
679 1300 853 1384 πελειάδες
883 1308 938 1371 καὶ
966 1305 1083 1386 ίπποις
1105 1311 1219 1385 καλῶς
1242 1311 1479 1394 γεγραμμέναις

165 1409 472 1493 προσεχρεμέτισαν
500 1405 606 1473 ίπποι.
650 1405 834 1502 ἐρασθῆναι
855 1399 963 1490 κόρην
984 1399 1116 1486 είκόνος
1139 1409 1296 1492 λέγουσιν
1322 1411 1377 1475 καὶ
1401 1412 1480 1476 νέον

118 1525 149 1578 10
166 1503 278 1575 καλὸν
300 1508 442 1574 Κνιδίου
463 1496 669 1591 άγάλματος,
700 1495 780 1572 ἀλλ’
807 1503 892 1590 ήσαν
919 1509 992 1572 τῶν
1014 1509 1155 1575 θεατῶν
1177 1497 1254 1574 αί”
1234 1525 1330 1589 οφεις
1352 1500 1480 1593 ήπατη-

166 1599 313 1692 μέναι“
292 1600 360 1673 υπὸ
392 1608 453 1691 τῆς
484 1607 610 1690 τέχνης.
654 1597 731 1674 ούδε
761 1600 825 1690 γάρ
856 1599 898 1672 a»
928 1607 992 1693 θεᾷ
1019 1631 1070 1684 τις
1096 1599 1303 1691 συνεπλάκη,
1334 1600 1410 1675 οὐδ’
1433 1603 1510 1673 άν5

168 1708 270 1794 νεκρᾷ
298 1731 349 1784 τις
376 1698 562 1791 συνετάφη,
590 1699 696 1772 οὐδ’
686 1699 729 1771 άν
750 1696 884 1790 ήράσθη
907 1705 1067 1790 δαίμονος
1088 1709 1143 1772 καὶ
1166 1709 1269 1774 λίθου
1290 1703 1479 1792 ἅνθρωπος

167 1807 375 1890 σωφρονῶν.
418 1797 504 1888 ὑμᾶς
534 1807 569 1871 δέ
602 1801 688 1888 άλλη
720 1807 858 1892 γοητείᾳ
888 1796 1004 1892 άπατᾷ
1031 1797 1188 1890 ήτίχνη,
1220 1807 1248 1872 εί
1273 1808 1328 1872 καὶ
1354 1803 1398 1892 μή
1425 1807 1480 1874 ἐπὶ

169 1899 210 1972 τὸ
233 1905 314 1989 ἐρᾶν
335 1898 568 1988 προσάγουσα,
592 1895 666 1972 ἀλλ’
689 1903 743 1970 ἐπὶ
765 1897 807 1970 τὸ
829 1906 932 1989 τιμᾶν
952 1907 1008 1971 καὶ
1030 1920 1233 1989 προσκυνεῖν
1256 1899 1299 1972 τά
1322 1931 1358 1972 τε
1381 1899 1479 1991 άγάλ-

117 2021 148 2074 15
166 2029 259 2090 ματα
280 2008 336 2070 καὶ
359 1999 420 2084 τάς
441 1997 582 2090 γραφάς.
626 1993 725 2088 ὁμοία
747 2026 784 2087 γε
806 1997 826 2087 ή
846 1997 972 2089 γραφή·
1002 2004 1209 2071 ἐπαινείσθω
1230 2007 1291 2089 μὲν
1320 1998 1340 2091 ή
1366 2009 1510 2091 τέχνηίί

168 2099 214 2190 μή
236 2096 404 2172 άπατάτω
428 2107 462 2172 δὲ
485 2100 549 2170 τὸν
568 2098 761 2186 ἄνθρωπον
776 2094 825 2182 αίς
846 2095 997 2190 ἀλήθεια.
1032 2101 1168 2188 ίστηκεν
1192 2094 1211 2170 δ
1234 2103 1339 2182 λ’ππος
1361 2096 1478 2191 ἡσυχῇ,

169 2195 190 2289 ή
216 2198 352 2282 πελειάς
383 2196 542 2290 άτρεμής,
574 2195 680 2287 άργδν
707 2196 747 2268 τὸ
771 2195 911 2286 πτερόν,
947 2196 967 2287 ή
994 2205 1029 2268 δὲ
1055 2206 1134 2286 βοῦς
1161 2196 1181 2288 ἡ
1211 2197 1378 2273 Δαιδάλου
1399 2197 1419 2290 ή
1442 2206 1478 2272 ἐκ

170 2306 233 2371 τοῦ
263 2297 366 2385 ξύλου
395 2304 607 2389 πεποιημένη
640 2304 768 2386 ταῦρον
799 2297 887 2370 είλεν
919 2299 1037 2388 άγριον
1066 2307 1123 2367 καὶ
1153 2296 1407 2389 κατηνάγκασεν
1438 2299 1478 2372 τὸ

169 2404 295 2490 θηρίον
325 2395 345 2488 ή
376 2405 477 2487 τέχνη
508 2396 707 2487 πλανήσασα
737 2399 866 2488 ἐρώσης
901 2403 1055 2488 ἐπιβῆναι
1090 2395 1256 2485 γυναικός.
1309 2407 1478 2472 τοσοῦτον
1496 2415 1562 2480 58,1

118 2517 151 2570 20
170 2499 312 2586 οἶστρον
342 2498 376 2567 αί
406 2504 520 2587 τέχναι
551 2505 815 2587 κακοτεχνοῦσαι
849 2516 921 2581 τοῖς
953 2493 1113 2586 άνοήτοις
1143 2501 1351 2588 ἐνεποίησαν.
1394 2498 1479 2572 άλλά

171 2597 252 2682 τούς
273 2604 335 2687 μέν
356 2595 525 2687 πιθήκους
552 2601 584 2668 οί
606 2597 743 2670 τούτων
770 2617 908 2687 τροφεῖς
932 2605 988 2667 καὶ
1009 2603 1194 2687 μελεδωνοὶ
1218 2596 1479 2687 τεθαυμάκασιν,

171 2689 227 2768 ὅτι
258 2704 331 2768 τῶν
361 2705 513 2785 κηρίνων
534 2693 556 2786 ή
579 2705 735 2788 πηλίνων
767 2693 998 2788 δμοιωμάτων
1028 2707 1083 2768 καὶ
1105 2707 1343 2786 κοροκοσμίοιν
1366 2695 1480 2790 άπατζι

172 2795 317 2876 τούτους
338 2793 448 2868 ούδέν·
472 2792 562 2883 ύμεῖς
584 2804 619 2868 δὲ
642 2797 706 2886 άρα
728 2806 785 2870 καὶ
806 2797 970 2888 πιθήκων
990 2806 1119 2886 χείρους
1135 2795 1318 2887 γενήσεσθε
1334 2807 1479 2881 λιθίνοις

171 2905 226 2968 καὶ
248 2903 394 2983 ξυλίνοις
419 2905 475 2968 καὶ
502 2903 652 2985 χρυσέοις
677 2904 733 2968 καὶ
756 2903 990 2987 ἐλεφαντίνοις
1013 2895 1232 2986 άγαλματίοις
1258 2906 1314 2969 καὶ
1336 2916 1479 2986 γραφαῖς

118 3014 150 3066 25
171 3001 445 3084 προσανέχοντες.
488 2995 662 3069 τοιούτων
683 2995 793 3087 ύμῖνΙ
783 3002 838 3085 ΙοίΙ
860 3001 1052 3088 δημιουργοί
1076 2993 1285 3086 ἀθυρμάτων
1307 2991 1478 3083 ολεθριιιν
1496 3015 1512 3068 2

173 3100 205 3167 σί
228 3091 382 3181 λιθοξόοι
410 3104 466 3165 καὶ
489 3101 521 3167 οί
553 3094 833 3186 άνδριαντοποισι
863 3117 1002 3187 γραφεῖς
1025 3126 1061 3167 τε
1084 3095 1125 3166 ai>
1147 3104 1203 3165 καί
1225 3099 1392 3182 τέκτοξνες
1419 3102 1473 3164 καὶ
1492 3107 1560 3163 52Ρ

173 3200 323 3284 ποιηταί,
367 3194 477 3267 πολύν
520 3228 598 3269 τινα
640 3206 696 3268 καὶ
740 3205 901 3270 τοιοῦτον
938 3190 1042 3286 ὄχλοι
1077 3193 1355 3286 παρεισάγοντες,
1399 3223 1463 3266 κατ

172 3292 294 3385 ἀγρούς
325 3300 385 3385 μὲν
416 3295 594 3386 Σατύρους
625 3305 680 3369 καὶ
712 3304 841 3383 Πᾶνας,
879 3295 943 3370 άνά
974 3303 1010 3367 δε
1042 3296 1101 3378 τὰς
1129 3291 1212 3378 ὕλας
1244 3293 1388 3386 Νύμφας
1420 3295 1481 3379 τὰς

174 3389 327 3485 δρειάδας
358 3402 411 3466 καὶ
435 3395 496 3479 τὰς
519 3393 744 3488 ἁμαδρυάδας,
777 3405 831 3469 ναὶ
853 3398 919 3489 μήν
941 3394 1027 3468 ἀλλὰ
1049 3403 1104 3467 καὶ
1126 3403 1201 3485 περὶ
1230 3395 1274 3467 τὰ
1295 3387 1402 3466 ῧδατα
1424 3403 1479 3464 καὶ

124 3511 156 3564 30
174 3501 249 3581 περὶ
271 3494 351 3576 τούς
372 3496 547 3585 ποταμούς
568 3505 624 3568 καί
647 3497 709 3580 τὰς
732 3498 839 3588 πηγάς
862 3497 922 3581 τὰς
946 3503 1072 3579 Ναΐδας
1093 3505 1148 3568 καὶ
1171 3503 1248 3586 περὶ
1271 3495 1335 3585 τήν
1351 3492 1478 3567 θάλατ-

176 3622 239 3664 ταν
271 3593 331 3676 τὰς
354 3601 526 3683 Νηρείδας.
569 3594 669 3686 μάγοι
700 3604 735 3668 δέ
765 3595 828 3687 ήδη
861 3593 1009 3681 άσεβείας
1041 3603 1114 3686 τῆς,
1130 3605 1228 3684 σφῶν
1256 3593 1370 3666 αὐτῶν
1397 3591 1513 3682 ἀτη-3

180 3699 276 3783 ρέτας
307 3699 467 3783 δαίμονας
497 3692 668 3785 αύχοῦσιν,
704 3703 837 3781 οἰκέτας
868 3694 991 3778 αύτούς
1022 3699 1155 3779 ἑαυτοῖς
1184 3695 1481 3786 καταγράφοντες
1500 3702 1561 3757 183

262 3883 335 3937 1-8
353 3882 532 3954 Ροεείδίρφοε
550 3885 592 3940 Fr.
612 3887 626 3938 1
645 3885 718 3940 FHG
735 3885 775 3940 IV
793 3903 818 3955 p.
833 3887 883 3942 482

261 4033 301 4088 21
309 4035 505 4100 ποσίδιπποςΡ
520 4037 525 4100 Ι
540 4037 558 4091 5
570 4028 722 4109 βάραθρον
734 4053 801 4092 corr.
812 4053 860 4090 aus
872 4031 985 4108 βάθρον
995 4037 1027 4086 1¹¹
1042 4038 1071 4104 17
1086 4033 1419 4105 ζωγραφίαςλλδαεεολι.
1430 4035 1480 4098 ’ςφ-

179 4118 295 4188 γραφίαι
306 4117 368 4170 P²M
384 4120 388 4186 Ι
405 4119 678 4192 ίίσκιαγραφὴταις
696 4127 875 4194 περιστεραῖς
886 4120 918 4174 St
927 4121 1120 4192 σκιαγραφίας
1135 4120 1156 4188 Ιί
1166 4119 1196 4172 in
1207 4119 1270 4172 Rae.
1280 4117 1349 4170 fiir?
1363 4117 1480 4176 Buohst„

180 4201 312 4257 zwisehen
330 4221 348 4257 α
367 4202 421 4256 und
440 4223 454 4268 ς
471 4203 516 4258 ein
534 4206 644 4261 Buchst.
663 4205 781 4274 ausrad.)
799 4212 970 4274 περιστεραί
984 4206 1064 4274 (nach
1083 4211 1115 4260 αῖ
1131 4204 1176 4260 εἰη
1193 4203 1303 4258 Buchst.
1323 4198 1479 4266 austad)P

181 4281 455 4358 ἐσκίαλθαφημέῖαῖς
472 4297 651 4360 περιστεραῖς
667 4291 715 4345 Ma
734 4290 739 4358 Ι
762 4293 781 4346 θ
800 4288 877 4359 νέον]
895 4308 940 4343 am
957 4289 1037 4344 Rand
1054 4308 1099 4360 γρ.
1116 4288 1233 4344 νεανίαν
1251 4288 1285 4340 P¹
1309 4287 1313 4352 Ι
1338 4287 1377 4340 10
1395 4279 1481 4355 ἀγάλ-

180 4389 268 4439 ματος
284 4370 306 4424 Ρ
311 4375 319 4408 ¹
337 4365 452 4441 ἄγαλμα
470 4372 509 4425 Ρ*
524 4375 528 4442 Ι
545 4376 581 4430 11
602 4379 659 4430 θεοῖ
676 4376 712 4428 Ρ2
729 4373 785 4431 θέα
797 4377 835 4428 Ρ*
854 4393 918 4432 σκια
906 4375 1079 4428 Markland
1094 4375 1098 4442 Ι
1115 4375 1152 4428 12
1171 4391 1260 4449 νεκρᾳ
1248 4373 1307 4424 ‘P2
1325 4367 1437 4441 νεκράί
1425 4369 1462 4422 *
1477 4367 1481 4438 Ι

180 4461 321 4529 νεκρῷ-
338 4450 475 4526 συνετάκη
487 4457 635 4514 Markland
650 4462 655 4529 Ι
672 4462 710 4516 Ιθ
728 4455 810 4531 ίίλληι
823 4461 949 4532 γοητεῖαι
963 4460 983 4511 ί
987 4463 997 4496 ²
1014 4453 1084 4527 ίίλλη
1097 4459 1214 4530 γοητεία
1229 4458 1266 4509 Ρ*
1282 4459 1286 4525 Ι
1304 4456 1341 4511 16
1359 4448 1481 4522 σίλήθεια

180 4539 225 4592 Wl
242 4533 374 4608 ἆλῖθέίαῑ
391 4541 432 4610 ΡΙ
448 4543 484 4598 17
506 4542 571 4613 ᾗδὲ
587 4549 698 4618 βοῦς-
664 4547 747 4603 -Ῑθ
765 4544 1024 4618 γυναικόςωιιεοίι
1039 4538 1162 4610 ίθιτποιΙ
1163 4541 1250 4610 ΙΜειΙ
1268 4540 1306 4597 18
1325 4533 1398 4596 εἷλεν
1417 4537 1479 4608 (λιιι

181 4625 241 4679 Rus.
260 4623 333 4680 wohl
345 4626 388 4680 fiir
405 4628 473 4696 δΙΡ1
489 4633 493 4698 Ι
509 4631 549 4688 25
566 4629 704 4687 τοιοίτων
723 4631 769 4685 Wi
786 4630 933 4687 τοσοίτιον
953 4630 974 4682 Ρ
989 4631 994 4698 Ι
1009 4624 1056 4700 Ιολ]
1076 4627 1121 4681 Wi
1136 4629 1140 4696 Ι
1156 4628 1192 4682 27
1213 4643 1350 4683 τοιοετων
1368 4622 1447 4678 Sehw
