3520 5498
463 446 653 517 Protrepticus
670 447 735 518 Gap.
753 447 888 516 v111.81,
906 449 1022 518 4—Gap.
1040 449 1087 503 IX.
1104 449 1146 516 84,
1164 452 1188 503 5.
1437 457 1476 520 63

163 612 305 685 δούλων
340 612 433 695 υίοῦς
467 609 553 701 ἡμᾶς
589 617 746 700 γενέσθω
782 610 954 695 βούλεται,
991 617 1025 685 οἳ
1060 617 1096 682 δὲ
1131 619 1186 682 καὶ
1223 617 1290 684 υίοί
1320 619 1478 702 γενέσθω

163 711 477 804 ἀπερηφανήκασιν.
519 705 547 781 ἀι
570 717 632 801 τῆς
654 706 819 794 ἀπονοίας
840 717 902 800 τῆς
924 718 1066 802 πολλῆς·
1098 712 1162 785 τόν
1183 710 1302 800 κύριον
1323 713 1478 802 ἐπαισχύ

165 825 279 886 νεσθε.
327 819 525 902 ἐλευθερίαν
555 817 811 901 ἐπαγγέλλεται,
842 809 935 901 ῦμεῖς
964 817 1000 883 δέ
1028 819 1075 895 είς
1105 819 1263 885 δουλείαν
1294 809 1509 902 ἀποδιδρά-2

163 937 273 986 σκετε.
330 920 504 1004 σωτηρίαν
538 919 722 999 χαρίζεται,
768 908 859 1000 ῦμεῖς
896 917 931 982 δὲ
967 918 1013 993 είς
1053 910 1210 984 θάνατον
1250 908 1477 1000 ῦπαφέρεσθε.

128 1014 260 1105 ὄζωήν
291 1020 450 1099 δωρεῖται
480 1013 632 1096 αἰώνιον,
664 1008 756 1099 ἀμεῖς
787 1017 822 1082 δὲ
845 1011 909 1101 τήν
939 1010 1081 1083 κόλασιν
1102 1011 1298 1102 ἀναμένετε·
1330 1020 1385 1084 καί
1417 1013 1477 1085 »τό

163 1122 252 1204 πῦρι
285 1119 322 1185 δὲ
351 1130 592 1202 προσκοπεῖτε,
627 1104 664 1182 νῦ
688 1108 869 1201 ἡτοίμασεν
899 1107 1056 1200 ἀκύριος
1078 1120 1129 1198 τῶ
1158 1108 1306 1203 διαβόλῳ
1327 1120 1478 1196 καὶτοῖς

165 1212 321 1304 ἀγγέλοις
343 1209 475 1284 αὐτοῦ(
521 1211 575 1282 διὰ
602 1217 707 1283 τοῦτο
730 1205 749 1282 o‘
771 1209 933 1300 μακάριος
960 1207 1154 1293 ἀπόστολος
1183 1211 1412 1302 »μαρτύρομαι
1438 1217 1510 1291 ἐν3

164 1323 303 1404 κυρίῳ,«
337 1320 454 1402 φησίν,
489 1317 626 1401 »μηκέτι
645 1308 731 1400 ύμάς
751 1332 964 1397 περιπατεῖν,
992 1313 1113 1394 καθώς
1134 1321 1190 1382 καὶ
1214 1314 1257 1385 τὰ
1279 1317 1364 1403 ἔθνη
1386 1341 1478 1402 περι-

165 1434 271 1489 πατεῖ
291 1418 328 1486 ἐν
350 1410 555 1502 ματαιότητι
578 1417 641 1482 τοῦ
660 1409 741 1493 νοὸς
763 1407 889 1494 αύτῶν,
913 1417 1142 1500 ἐσκοτισμένοι
1163 1420 1207 1500 τῇ
1229 1419 1362 1505 διανοίᾳ
1380 1407 1478 1496 ὄντες

113 1531 148 1584 10
164 1522 221 1586 καὶ
252 1510 573 1602 ἀπηλλοτριωμένοι
607 1517 669 1600 τῆς
700 1517 789 1599 ζωῆς
820 1518 883 1582 τοῦ
912 1517 1011 1594 θεοῦ,
1049 1511 1104 1583 διὰ
1140 1511 1203 1601 τήν
1239 1511 1383 1600 ἄγνοιαν
1414 1513 1479 1602 τήν

167 1607 275 1688 οὖσαν
306 1617 344 1685 ἐν
373 1609 503 1695 αύτοῖς,
542 1611 597 1682 διὰ
628 1609 693 1698 τήν
723 1609 890 1699 πώρωσιν
921 1618 982 1700 τῆς
1017 1618 1156 1699 καρδίας
1187 1609 1318 1683 αῦτῶν·
1356 1615 1479 1696 οἵτινες

166 1714 309 1796 ἑαυτούς
338 1717 542 1799 παρέδωκαν
570 1717 575 1798 Ι
602 1706 835 1799 ἀπηλγηκότες
870 1717 913 1798 τῇ
944 1706 1096 1802 ἀσελγείᾳ
1130 1717 1178 1794 είς
1208 1716 1365 1800 ἐργασίαν
1395 1709 1475 1784 ἀκα-
1494 1733 1562 1788 7οΡ

167 1819 311 1902 θαρσίας
336 1808 446 1898 πόσης
467 1816 523 1881 καὶ
545 1819 768 1896 πλεονεξίας(
814 1809 976 1882 τοιούτου
997 1808 1168 1898 μάρτυρος
1190 1814 1389 1899 ἐλέγχοντος
1411 1811 1478 1901 τήν
1494 1829 1560 1894 em

168 1919 242 1984 τῶν
273 1908 477 2000 ἀνθρώπων
508 1909 629 1981 ἄνοιαν
659 1917 714 1980 καὶ
745 1909 831 1982 θεὸν
853 1915 1098 1998 ἐπιβοωμένου,
1130 1919 1164 1980 τί
1191 1911 1232 1999 δή
1255 1911 1374 1999 ἕτερον
1395 1907 1478 1982 ἀπα-

114 2029 148 2082 15
167 2020 320 2083 λείπεται
343 2029 416 2094 τοῖς
437 2007 593 2094 ἀπίστοις
615 2005 637 2097 ἢ
658 2018 765 2097 κρίσις
786 2016 842 2080 καὶ
864 2017 1044 2100 καταδίκη;
1065 2007 1107 2082 οῦ
1127 2007 1247 2100 κάμνει
1269 2015 1305 2080 δὲ
1328 2005 1478 2097 ὁκύριος

167 2117 358 2198 παραινῶν,
381 2114 549 2196 ἐκφοβῶν,
571 2116 789 2197 προτρέπων,
812 2115 993 2196 διεγείρων,
1017 2117 1210 2182 νουθετῶν·
1239 2104 1421 2198 ἀφυπνίςει
1442 2116 1481 2198 γέ

169 2239 224 2282 τοι
244 2217 300 2280 καί
323 2215 385 2280 τοῦ
407 2206 550 2290 σκότους
566 2205 672 2281 αύτοῦ
687 2209 768 2291 τοῦς
783 2215 1060 2298 πεπλανημένους
1075 2216 1299 2298 διανίστησιν·
1324 2213 1472 2299 »ἐγειρεπ
1494 2235 1511 2287 ‘2

169 2319 281 2401 φησίν,
315 2305 352 2382 »ό
373 2307 556 2380 καθεύδων
583 2315 639 2378 καὶ
660 2305 791 2380 ἀνάστα
822 2314 859 2379 ἐκ
881 2315 954 2379 τῶν
976 2317 1115 2396 νεκρῶν,
1147 2317 1203 2382 καὶ
1225 2307 1403 2398 ἐπιφαύσει
1424 2333 1479 2382 σοι

169 2407 188 2482 ῦ
217 2408 365 2496 Χριστὸς
394 2407 538 2496 κύριος(
572 2402 591 2479 ό
622 2412 684 2496 τῆς
714 2404 932 2490 ἀναστάσεως
963 2405 1071 2496 ήλιος,
1109 2405 1128 2481 ό
1162 2409 1246 2496 »πρὸ
1278 2408 1476 2499 ἑωσφόρουι

115 2526 151 2578 20
168 2508 391 2600 γεννώμενος,
423 2503 559 2597 ἀζωήν
588 2505 810 2597 χαρισάμενος
840 2504 972 2580 ἀκτῖσιν
1002 2515 1107 2592 ίδίαις.
1155 2509 1200 2599 μὴ
1227 2503 1290 2580 οῦν
1315 2527 1511 2597 περιφρο-3

168 2618 272 2680 νείτω
298 2637 349 2691 τις
371 2606 574 2696 τοῦλόγου,
601 2607 646 2697 μή
669 2603 761 2693 λάθη
783 2615 1016 2695 καταφρονῶν
1039 2610 1169 2681 ἑαυτοῦ.
1217 2616 1304 2696 λέγει
1325 2607 1389 2698 γάρ
1410 2637 1480 2680 που

169 2706 189 2800 ἡ
213 2707 338 2798 γραφή·
372 2706 537 2798 »σήμερον
558 2707 619 2780 ἐάν
641 2713 703 2796 τής
725 2713 845 2796 φωνῆς
866 2705 973 2778 αύτοῦ
993 2705 1175 2797 ἀκούσητε,
1202 2708 1247 2798 μή
1270 2705 1480 2796 σκληρύνητε

168 2807 230 2893 τὰς
259 2814 398 2898 καρδίας
427 2805 523 2896 ἀμῶν
554 2805 602 2890 ῶς
627 2811 666 2878 ἐν
691 2815 743 2898 τῷ
770 2815 1043 2897 παραπικρασμῷ
1069 2807 1158 2879 κατὰ
1180 2809 1245 2896 τὴν
1267 2805 1393 2896 ἡμέραν
1415 2812 1480 2878 τοῦ

167 2914 354 2998 πειρασμοῦ
383 2913 421 2980 ἐν
451 2915 494 2996 τῇ
524 2905 652 2997 ἐρήμῳ,
683 2899 724 2977 οῦ
755 2911 936 2996 ἐπείρασαν
966 2909 998 2981 οί
1028 2917 1170 2994 πατέρες
1199 2904 1297 2995 ῦμῶν
1327 2911 1364 2978 ἐν
1392 2913 1479 2977 δοκι-

113 3023 148 3078 25
165 3017 294 3101 μασίᾳ.ι
348 3005 368 3097 ἦ
400 3013 435 3080 δὲ
466 3012 642 3095 δοκιμασία
671 3014 723 3090 τίς
752 3010 844 3077 ἐστιν
874 3012 902 3077 εί
931 3013 1043 3090 θέλεις
1071 3017 1203 3096 μαθεῖν,
1231 3005 1272 3077 τὸ
1297 2999 1395 3093 ἀγιόν
1421 3015 1509 3078 σοι4

166 3113 299 3196 πνεῦμα
325 3103 534 3196 ἐξηγήσεται·
568 3113 641 3176 »καί
668 3108 760 3178 είδον
782 3105 825 3176 τὰ
848 3110 927 3195 ἔργα
949 3135 1043 3197 μου,ι
1078 3111 1168 3195 φησί,
1203 3101 1475 3189 »τεσσαράκοντα

167 3212 239 3297 ἔτη·
263 3203 303 3278 δι’
324 3199 346 3276 ’ῦ
368 3207 591 3295 προσώχθισα
613 3215 657 3294 τῇ
679 3211 776 3297 γενεᾷ
799 3206 906 3294 ταύτη
928 3214 984 3278 καὶ
1005 3206 1116 3277 είπον·
1139 3202 1189 3276 ἀεὶ
1207 3209 1410 3274 πλανῶνται
1433 3210 1476 3290 τῇ

166 3313 299 3400 καρδίη·
336 3303 433 3378 αῦτοὶ
464 3311 500 3376 δὲ
531 3302 594 3378 οῦκ
624 3309 776 3394 ἔγνωσαν
806 3305 867 3388 τὰς
898 3300 999 3388 ὁδούς
1029 3335 1106 3392 μου,
1143 3301 1191 3388 ῶς
1221 3301 1339 3393 ῶμοσα
1369 3305 1407 3372 ἐν
1433 3309 1476 3391 τῇ

167 3403 251 3498 ἀργῇ
281 3431 358 3497 μου·
395 3411 424 3476 εί
454 3405 698 3478 εἰσελεύσονται
728 3411 774 3488 είς
804 3405 869 3494 τὴν
898 3403 1111 3478 κατάπαυσίν
1139 3432 1231 3491 μου(
1284 3397 1386 3491 ὁρᾶτε
1409 3401 1509 3490 τὴνε

114 3521 149 3575 30
167 3503 326 3596 ἀπειλήν·
349 3501 452 3596 όρῦτε
473 3505 538 3594 τὴν
558 3503 777 3595 προτροπήν·
800 3501 903 3595 όρᾶτε
926 3509 990 3596 τήν
1013 3504 1125 3596 τιμήν·
1149 3511 1183 3574 τί
1205 3502 1245 3592 δή
1268 3495 1333 3574 οὖν
1347 3503 1398 3573 ἔτι
1412 3501 1478 3590 τήν

166 3605 266 3697 χάριν
287 3613 333 3688 είς
356 3601 461 3694 ἀργήν
482 3601 757 3694 μεταλλάσσομεν
778 3614 834 3676 καί
857 3603 929 3695 οάχὶ
953 3604 1248 3692 ἀναπεπταμέναις
1271 3621 1344 3684 ταῖς
1359 3598 1476 3684 ἀκοαῖς

167 3703 431 3795 καταδεχόμενοι
462 3703 525 3776 τὸν
556 3701 661 3792 λόγον
691 3710 730 3776 έν
760 3701 876 3794 ἀγναῖς
906 3711 1150 3793 ξενοδοχοῦμεν
1172 3721 1247 3783 ταῖς
1269 3721 1390 3789 φυγαῖς
1412 3700 1476 3772 τὸν

166 3802 268 3890 θεόν;
298 3801 424 3895 μεγάλη
453 3804 515 3892 γὰρ
542 3810 603 3892 τῆς
626 3809 823 3894 ἐπαγγελίας
850 3803 958 3879 αὐτοῦ
980 3800 1000 3894 ή
1019 3801 1127 3895 χάρις,
1158 3801 1218 3875 έάν
1245 3799 1393 3891 σήμερον
1415 3807 1476 3888 τῆς

253 3992 323 4047 5-7
349 3991 449 4046 Matth.
471 3991 512 4056 25,
535 3995 567 4045 41
587 4022 618 4029 -
639 3991 732 4047 7-13
751 3991 850 4061 Ερίιεε.
868 3995 893 4056 4,
913 3993 1013 4048 17-19
1030 4023 1064 4032 -
1084 3992 1197 4047 17-10
1224 3989 1324 4059 Ephes.
1347 3991 1372 4050 5,
1390 3990 1424 4041 14
1442 4017 1475 4026 -

170 4078 208 4133 10
226 4076 298 4131 Psal.
317 4077 404 4142 109,3
421 4105 453 4114 -
473 4075 513 4130 20
529 4077 568 4143 μή
588 4063 690 4130 οῦν-
708 4077 733 4130 S.
752 4074 804 4146 64,
819 4077 855 4131 10
873 4077 1095 4141 πεπιστευκότας
1113 4075 1172 4128 eat.
1191 4093 1224 4128 zu
1242 4073 1323 4128 Hebr.
1342 4075 1365 4134 4,
1380 4073 1412 4125 10
1430 4071 1475 4126 bei

168 4161 279 4215 Cramer
290 4159 341 4214 VH
359 4179 384 4231 p.
394 4163 452 4222 455,
466 4161 549 4214 7-‘29
567 4160 744 4228 (Κλήμεντος
755 4151 995 4232 πρὸςἻέίληιάςι;
1014 4179 1057 4215 ατο
1069 4161 1179 4226 Ansang
1193 4157 1365 4225 umgestellt;
1384 4155 1474 4209 mehr-

169 4246 232 4301 fach
258 4246 383 4316 gekiint.
417 4243 475 4298 Ine.
502 4241 574 4300 ἀλλά
601 4245 656 4316 γὰρ
682 4249 738 4320 βοᾷ
765 4246 827 4324 καί,
840 4252 890 4298 νῦν
908 4244 980 4314 expl.
1008 4239 1047 4309 ὡς
1069 4237 1173 4312 Ἰησοῦς
1199 4239 1424 4304 πεπιστευκότας
1441 4269 1474 4277 -

170 4331 285 4387 22-29
303 4331 386 4387 Hebr.
404 4331 428 4395 3,
447 4333 529 4385 7—11
550 4330 631 4396 (Psal.
650 4333 690 4392 94,
708 4331 804 4398 8-11·)
821 4357 852 4367 -
871 4329 1017 4398 8811ng
1035 4329 1117 4383 Hebr.
1135 4329 1159 4392 3,
1178 4329 1202 4382 7.
1221 4327 1253 4379 13

253 4481 273 4534 4
289 4479 419 4538 θάνατον
437 4482 468 4537 st
491 4481 563 4540 ἀνὀῦ
584 4483 606 4534 Ρ
630 4477 774 4536 ἀπώλειαν
798 4481 833 4546 Sy
858 4481 862 4546 Ι
886 4481 904 4534 6
922 4480 952 4536 δὲ
971 4479 1003 4532 Ρί
1023 4473 1058 4533 ού
1075 4479 1114 4532 P*
1136 4479 1141 4544 ί
1166 4477 1206 4532 10
1223 4478 1272 4531 καί
1288 4475 1318 4530 in
1335 4476 1397 4530 aas.
1417 4475 1451 4526 Ρ1
1472 4474 1476 4542 ί

170 4567 208 4624 15
227 4559 262 4622 ού
279 4565 382 4634 κάμνει
399 4567 508 4622 Mfinzel
527 4560 580 4624 ούκ
598 4563 701 4632 ἀμελεῖ
710 4565 731 4619 Ρ
748 4567 752 4632 Ι
771 4565 804 4620 Ιλ
828 4557 924 4633 αὐτοῦ]
944 4557 1029 4628 αάτδς
1046 4565 1093 4616 Ma
1110 4553 1145 4616 αι’
1164 4560 1312 4615 Markland
1325 4553 1356 4626 (ὃ
1374 4559 1473 4628 λόγος)

169 4649 256 4706 αὐτοῦ
274 4649 353 4706 Schw
368 4654 372 4715 Ι
389 4651 427 4708 25
446 4652 472 4721 ή]
491 4649 518 4708 εί
536 4653 594 4706 cat.
