3520 5480
328 449 388 512 322
915 441 1047 496 Clemens.

329 602 471 694 φάσκων
505 611 640 692 »κυρίου
672 605 764 686 σίκυς
795 611 858 676 τοῦ
878 600 1007 692 ’[σραὴλ
1039 608 1161 687 ἐστινι,
1193 608 1295 672 Δαυλδ
1325 607 1360 672 δε
1391 597 1410 672 6
1439 609 1505 674 τοῦ
1527 599 1639 674 Ἰεσσαὶ

331 704 503 794 »ἄμπελον
518 708 553 789 ἐξ
562 701 740 792 Αἰγύπτου
754 712 929 795 μετῆραςι.
951 701 1037 792 πρὸς
1053 701 1182 791 ταύτην
1197 701 1239 792 δὴ
1254 701 1318 790 τὴν
1330 701 1484 790 ἄμπελον
1495 701 1640 774 τόνὲαυ

331 811 394 875 τοῦ
414 809 536 874 πῶλον
557 802 727 892 δεσμεύειν
742 803 783 875 τὸ
798 803 881 890 μετὰ
897 820 1007 892 χεῖρας
1025 798 1143 889 λόγιον
1155 800 1340 890 διαγορεύει
1356 808 1486 874 τοῦτον
1501 807 1640 875 ἐκεῖνον’,

332 899 370 988 ὃς
392 900 608 975 ἐκλιπόντων
631 909 704 973 τῶν
725 907 762 973 ἐκ
785 909 858 974 τῶν
880 910 999 992 μηρῶν
1014 899 1118 973 Ἰούδα
1140 901 1181 974 τὸ
1205 899 1320 991 ἄρχειν
1335 897 1518 990 λαχόντων
1540 899 1641 984 αύτός

297 999 555 1094 5ἐπιστὴσεται,
586 1005 703 1073 ἐθνῶν
724 1007 785 1091 μὲν
807 999 964 1091 ἐσόμενος
985 1009 1182 1092 προσδοκία,
1215 997 1255 1072 ού
1276 999 1344 1092 μήν
1365 1029 1401 1088 γε
1423 1007 1474 1090 τῷ
1497 1009 1643 1090 προσδο-
1735 1089 1736 1096 ¹

330 1111 409 1175 κίαν
431 1103 516 1174 εἶναι
538 1107 667 1174 τοῦτον
688 1107 805 1172 ἐθνῶν
827 1097 1023 1187 ξενίζουσάν
1045 1127 1121 1173 τινα
1144 1105 1204 1190 τῆς
1224 1107 1371 1184 παλαιᾶς
1394 1099 1594 1192 διαθήκηςέ
1595 1132 1645 1172 πι·
1735 1113 1736 1116 ’

332 1201 514 1292 συρόμενος
535 1197 647 1287 δόξαν,
670 1197 745 1274 ἀλλ’
761 1194 843 1272 ὅσον
866 1206 953 1282 τέως
968 1206 1029 1290 τῆς
1043 1205 1182 1290 ἐθνικῆς
1200 1205 1457 1290 δεισιδαιμονίας
1472 1198 1644 1325 ἐχόμενον.

332 1307 546 1374 καταπαῦσαι
575 1306 727 1384 ἐλπίσας,
762 1307 835 1372 τῶν
867 1299 985 1371 ἄλλων
1017 1307 1169 1390 νομικῶν
1199 1293 1460 1388 α’κριβασμάτων
1491 1297 1570 1372 οὐδ’
1602 1299 1644 1390 ἢν

334 1432 411 1474 τινα
442 1403 487 1483 είς
517 1397 681 1489 ἀθέτησιν
709 1405 815 1489 θῆται
845 1396 1066 1488 ἐπιστροφήν.
1109 1395 1167 1487 άφ
1190 1389 1231 1470 οῦ
1253 1427 1290 1487 γε
1311 1397 1353 1487 δὴ
1374 1406 1431 1470 καὶ
1453 1403 1486 1471 οί
1508 1409 1644 1490 πρῶτοι

283 1520 317 1574 10
335 1507 395 1591 τῆς
417 1498 504 1571 κατά
528 1497 679 1589 Χριστόν
700 1505 848 1582 πίστεως
870 1497 1019 1589 κήρυκες,
1042 1493 1102 1572 άτε
1121 1505 1182 1586 τῆς
1197 1505 1368 1580 Μωυσέως
1380 1508 1646 1588 χρηματίζοντες

335 1606 573 1689 παιδαγωγίας,
605 1595 666 1669 οῦκ
697 1603 897 1687 ἐδοκίμαζον
925 1604 1047 1689 χρῆναί
1075 1627 1108 1668 τι
1131 1604 1192 1688 τῆς
1218 1604 1366 1681 παλαιᾶς
1388 1596 1599 1689 διαθήκης
1578 1602 1644 1672 υπὸ

336 1707 397 1789 τῆς
419 1705 496 1782 νέας
517 1709 766 1786 καταργεῑσθαι,
799 1695 840 1771 οῦ
870 1696 1064 1788 περιτομήν,
1097 1694 1138 1769 ού
1159 1695 1395 1787 σαββατισμόν,
1426 1695 1489 1770 ούκ
1511 1695 1646 1790 άποχὴν
1736 1705 1737 1718 ’

336 1829 445 1870 τινων
476 1795 684 1888 βρωμάτων,
717 1803 821 1869 τοῦτο
851 1801 959 1869 ἐκεῖνο
991 1798 1033 1870 τό
1062 1795 1148 1884 πρὸς
1177 1797 1243 1886 τὴν
1273 1796 1424 1886 ἄμπελον
1454 1804 1646 1886 δεσμεῑσθαι

338 1899 400 1972 τὸν
430 1906 553 1970 πῶλον
580 1895 861 1986 ῦποποωόμενοι·
903 1905 959 1966 καὶ
989 1899 1075 1985 εἶχεν
1104 1891 1197 1968 οῦτω
1228 1923 1265 1985 γε
1288 1902 1396 1966 ταῦτα
1417 1903 1464 1979 εἰς
1486 1891 1572 1985 ὅπερ
1594 1895 1648 1970 Ἰά-

287 2015 319 2068 15
337 2007 457 2084 κωβος,
479 1993 498 2069 6
520 2003 584 2068 τοῦ
604 2004 723 2084 κυρίου
743 1993 784 2066 τὸ
798 1993 887 2066 κατά
902 1993 1009 2086 σάρκα
1024 1991 1180 2083 άδελφός,
1201 2001 1256 2066 καὶ
1271 2002 1405 2079 Παῦλος
1420 1991 1439 2066 6
1455 2006 1552 2080 θεῖος
1567 1991 1647 2068 άπά-

338 2111 463 2182 στολος
485 2104 546 2187 τῆς
568 2097 709 2186 πρῶτης
739 2101 800 2186 μὲν
830 2103 1055 2185 θεσμοθεσίας
1077 2094 1118 2165 τὸ
1140 2095 1231 2166 πολὺ
1254 2101 1358 2167 τοῦτο
1383 2102 1440 2165 καὶ
1460 2102 1645 2186 κεχυμένον
1737 2176 1738 2182 ,

338 2205 399 2287 τῆς
421 2202 615 2286 σωματικῆς
636 2192 836 2282 καθάρσεως
858 2203 922 2280 καί,
946 2200 976 2266 εί
996 2223 1030 2266 τι
1052 2202 1127 2280 περὶ
1149 2191 1343 2284 βρωμάτων
1370 2190 1567 2267 άπόλαυσιν.
1583 2221 1647 2286 σμι-
1737 2187 1738 2240 3

338 2310 552 2386 κρολογετται
583 2301 634 2384 τῷ
666 2290 770 2384 νόμω,
800 2300 1042 2383 περιαιροῦσιν·
1087 2291 1138 2366 ἐπ’
1170 2289 1354 2381 ὀλιγίστοις
1383 2300 1419 2364 δὲ
1450 2315 1524 2376 τοὶς
1545 2293 1648 2366 πάλαι

339 2397 405 2486 τὴν
427 2396 569 2484 ἐθνικὴν
590 2390 813 2466 ἀποσαλεύειν
832 2391 962 2484 άνῆκαν
976 2388 1114 2478 ὁλκάδα,
1137 2401 1297 2481 πορνείας
1320 2389 1515 2482 ἐπισχόντες
1530 2402 1587 2465 καὶ
1610 2399 1647 2465 εί-

289 2510 323 2565 20
342 2493 548 2567 δωλοθῦτου
568 2501 625 2564 καὶ
645 2496 787 2582 αἵματος
807 2503 865 2563 καὶ
885 2501 1044 2577 πνικτοῦ,
1076 2488 1134 2564 ότε
1156 2498 1211 2563 καὶ
1234 2487 1253 2563 6
1275 2491 1362 2580 πρὸς
1383 2490 1449 2581 τὴν
1472 2495 1567 2565 έλικα
1590 2502 1647 2583 τῆς

341 2593 493 2684 άμπέλου
509 2600 699 2680 δεσμεῑσθαι
713 2589 1095 2714 προκαταγγελλόμενρς
1117 2598 1235 2674 πῶλος
1257 2597 1303 2674 εἰς
1325 2594 1424 2679 ἔργον
1445 2587 1600 2679 άφίκετο,
1615 2599 1647 2680 ἐξ

341 2693 417 2776 ἑνός
433 2700 507 2764 τῶν
516 2699 710 2764 Μωσαῖκῶν
725 2688 1007 2815 προσταγμάτων,
1024 2697 1085 2812 της
1100 2698 1281 2811 θεολογίας
1296 2697 1390 2780 φημί,
1406 2689 1493 2779 πρὸς
1508 2693 1576 2783 τὴν
1590 2693 1645 2784 άμ-

340 2804 447 2864 πελον
477 2789 749 2880 συσφιγγόμενος.
792 2797 827 2878 ἐξ
858 2789 996 2862 ῶδίνων
1026 2791 1089 2882 γάρ
1119 2798 1193 2862 τῶν
1215 2797 1413 2861 Μωσαίκῶν
1443 2791 1648 2884 είοηγὴσεων
1738 2823 1739 2840 ¹

341 2900 513 2983 μαιευθεις
533 2891 576 2962 τὰ
596 2899 728 2979 πρῶτα,
750 2887 817 2963 άπὸ
840 2900 1038 2980 κρείττονος
1061 2883 1160 2973 αῦθις
1179 2895 1239 2978 τῆς
1261 2886 1492 2980 άποστολικῆς
1507 2894 1647 2982 ἐπιγνῶ-

291 3007 325 3062 25
344 3018 428 3073 σεως
450 2998 496 3073 είς
519 2998 593 3077 φῶς
614 2989 753 3077 πρόεισι,
776 2997 837 3078 τῆς
859 2991 947 3062 κατά
969 2989 1121 3080 Χριστὸν
1144 2985 1348 3080 δηλονότι’
1327 2995 1459 3075 αφέτυυ
1474 2999 1576 3112 ζυγρῦ
1598 3021 1649 3062 νο-

343 3097 443 3180 μικοῦ
464 3099 520 3162 καὶ
541 3095 719 3178 ἐλευθέρας
741 3090 921 3179 ἑλκόμενος
942 3097 1126 3170 πολιτείας.
1169 3087 1210 3160 τό
1232 3095 1293 3177 μὲν
1315 3081 1378 3162 οῦν
1399 3089 1488 3160 κατὰ
1511 3089 1576 3180 τὴν
1595 3089 1649 3178 άμ-

343 3203 451 3311 πελρν
481 3186 607 3277 λόγιον,
637 3183 656 3260 6
688 3189 769 3272 τοῦς
798 3191 940 3272 πῶλους
970 3189 1055 3278 πρὸς
1086 3187 1194 3312 αύτὴμ
1222 3196 1279 3258 καὶ
1310 3188 1376 3277 τὴν
1405 3189 1500 3259 ἕλικα
1527 3187 1649 3278 ταύτης

345 3288 500 3378 συνάγειν
529 3286 754 3378 προύβάλετο,
785 3289 946 3412 τοιαύτης
975 3296 1031 3359 καὶ
1061 3285 1125 3360 οῦκ
1154 3285 1322 3376 ἀστόχως,
1354 3289 1458 3378 οἶμαι,
1491 3288 1648 3376 τετύχηκε

346 3397 501 3479 θεωρίας.
544 3389 587 3460 τά
617 3395 652 3460 δὲ
684 3388 787 3462 λοιπά
818 3388 953 3473 τούτου,
984 3384 1111 3461 σίονο
1090 3417 1110 3476 η
1143 3417 1180 3460 τε
1207 3394 1244 3459 ἐν
1275 3393 1358 3478 οἴνῳ
1390 3394 1649 3478 λαμπρυνομένη

295 3503 330 3558 30
346 3488 453 3577 στολὴ
483 3495 538 3559 καὶ
575 3492 623 3560 τοί
644 3497 789 3578 χαροποὶ
817 3483 1010 3578 ὀφθαλμοὶ(
1044 3493 1107 3559 τοῦ
1129 3486 1403 3578 λαμπρύνοντος,
1434 3493 1577 3574 προσέτι
1599 3496 1650 3558 καὶ

347 3594 379 3662 οί
410 3584 590 3676 λευκότητι
620 3587 789 3676 γάλακτος
820 3584 1088 3677 άφομοιούμενοι
1119 3584 1225 3660 αῦτοῦ
1264 3582 1419 3670 ὀδόντες,
1455 3586 1564 3676 στολὴ
1594 3592 1652 3675 μὲν

346 3695 401 3759 καὶ
423 3685 584 3776 περιβολὴ
607 3687 648 3758 τό
671 3687 726 3758 διά
748 3695 1014 3776 φιλανθρωπίαν
1037 3686 1174 3773 ἄφατον
1205 3693 1268 3758 τοῦ
1289 3685 1493 3772 δπερουσίου
1515 3684 1557 3756 τό
1580 3711 1654 3774 συγ·

348 3793 440 3875 γενὲς
463 3785 541 3876 ἡμῖν
562 3783 787 3876 ἀνειληφότας
809 3793 936 3876 δηλοῦν
957 3785 1123 3872 βούλεται,
1147 3781 1165 3858 6
1189 3793 1231 3875 τῇ
1252 3791 1315 3856 τοῦ
1336 3791 1505 3873 παναγίου
1520 3782 1654 3866 πάθους

348 3884 454 3958 αύτοῦ
474 3883 652 3957 ῦπεκθέσει
674 3885 963 3976 λαμπρυνόμενον,
987 3892 1165 3958 τουτέστιν
1187 3891 1248 3975 τῆς
1270 3887 1393 3957 ἑαυτοῦ
1413 3891 1511 3966 θείας
1532 3889 1654 3972 βουλῆς

297 3999 330 4053 35
348 3983 552 4072 άποφανθὲν
573 3982 753 4075 ῦπουργόν.
795 3995 852 4058 καὶ
874 3985 1002 4058 τούτου
1023 3985 1063 4074 δὴ
1087 3992 1150 4056 τοῦ
1172 3992 1270 4056 θείου
1291 3981 1428 4066 πάθους
1443 3988 1491 4066 είς
1507 3979 1652 4072 άνάμνη·

434 4155 602 4292 2Psal.f79‚
620 4157 637 4210 9
655 4186 687 4194 -
704 4154 749 4211 41
774 4158 828 4225 vgl.
848 4156 915 4210 Gen.
933 4157 976 4223 49,
995 4159 1028 4212 10
1045 4185 1077 4195 -
1096 4155 1171 4212 146
1194 4153 1251 4224 vgl.
1270 4157 1330 4209 Aen
1350 4157 1382 4210 15
1408 4182 1442 4192 -·
1468 4152 1583 4210 29-81
1603 4151 1655 4222 vgl.

316 4253 322 4262 ·
352 4242 419 4295 Gen.
437 4241 479 4308 49,
499 4243 530 4295 11

437 4375 452 4430 1
473 4375 560 4430 Δαυίδ
576 4406 609 4414 -
628 4369 725 4430 Ἰεσσαί
743 4367 836 4442 (Ἰεσσέ
853 4375 901 4444 11)]
921 4372 936 4429 ὁ
956 4373 985 4431 δέ
1004 4377 1039 4428 1³²
1061 4377 1065 4442 Ι
1089 4376 1110 4430 θ
1132 4373 1173 4440 είς
1191 4371 1327 4442 ἀθέτησιν
1343 4389 1388 4427 am
1406 4370 1486 4426 Rand
1505 4371 1541 4424 Ρ2
1556 4373 1560 4440 Ι
1577 4371 1612 4427 11
1631 4389 1653 4424 τι

351 4461 418 4514 iiber
436 4459 461 4513 d.
479 4459 505 4512 Z.
525 4460 578 4526 1³²1
595 4459 633 4515 15
651 4457 684 4514 τὸ
704 4472 734 4518 <
755 4459 825 4514 1³²6*
841 4459 898 4528 122
918 4465 967 4526 τῆς
984 4461 1146 4530 θεολογίας]
1164 4465 1199 4529 τῇ
1216 4456 1354 4532 θεολογίᾳ
1374 4451 1499 4522 ίίΕΙθθ
1517 4453 1574 4530 γὰρ
1592 4455 1654 4508 fiber

352 4544 378 4598 d.
396 4545 422 4596 Z.
441 4543 524 4602 1³²<
543 4543 667 4611 FM124
685 4543 743 4612 τῆς]
762 4541 778 4596 δ
796 4553 846 4611 τῆς
863 4544 884 4597 1⁴¹
899 4547 903 4612 Ι
919 4544 958 4600 26
975 4540 1128 4616 ἐλευθέρου
1145 4545 1200 4610 1³²1
1222 4542 1261 4599 28
1281 4539 1478 4613 προυβάλλετα
1497 4539 1594 4608 mo
1609 4558 1653 4608 χα-

353 4630 445 4700 ροποὶ
462 4626 549 4680 Meorr
564 4631 568 4698 Ι
584 4629 623 4683 83
643 4621 669 4698 ὃ]
689 4626 720 4683 τὸ
740 4629 819 4682 Schw
