3520 5480
577 440 704 496 Scholien
721 456 783 494 zum
800 439 989 511 paedagogus.
1373 451 1432 514 321

211 613 259 686 94,
283 613 322 676 30
344 607 466 687 πίστις]
490 597 567 673 ἀντὶ
590 610 663 676 τῶν
684 609 876 693 λεγομένων
895 611 1069 688 βεβαίωσις
1092 597 1110 674 ό
1131 601 1255 694 κύριος.
1277 611 1311 674 Μ

210 714 259 786 95,
280 714 300 773 2
322 711 356 774 τί
375 710 437 792 μὲν
459 696 522 774 οῦν
543 699 563 776 ό
584 703 811 792 παιδαγωγός]
836 702 876 774 τό
900 703 982 792 ἑξῆς.
1004 712 1038 774 τί
1059 709 1120 792 μὲν
1141 697 1204 775 οῦν
1227 700 1433 796 όπαιδαγοι-

122 801 185 891 γὸς
215 811 282 890 [καὶ
305 809 348 888 τί]
369 801 528 886 βούλεται
550 813 606 874 καὶ
627 812 662 874 τί
685 807 926 891 ἐπαγγέλλεται
956 805 1104 890 ἐνεργεῖν
1134 833 1170 874 τε
1192 812 1249 875 καὶ
1268 801 1435 894 πράττειν

123 901 278 974 κατὰτὸ
301 898 512 974 ὑποθετικὸν
533 899 641 975 αῦτοῦ
661 909 770 993 μέρος,
793 897 834 972 δι’
857 893 897 972 ού
920 900 962 972 τὰ
982 906 1043 990 μὲν
1065 911 1139 974 τῶν
1153 911 1336 990 πρακτέων
1350 903 1433 977 ύπα-

39 1062 42 1066 .
83 1017 102 1068 5
124 1000 264 1092 γορεύει,
287 1001 330 1073 τὰ
353 1008 388 1073 δε
411 1010 485 1074 τῶν
507 1005 676 1075 ἐναντίων
698 998 906 1090 ἀπαγορεύει,
928 999 1125 1091 δεδήλωται.
1146 1007 1182 1071 M

210 1112 259 1187 95,
281 1115 299 1174 5
323 1101 364 1173 τό
395 1098 641 1190 διδασκαλικόν]
674 1107 751 1192 περὶ
783 1107 845 1173 τοῦ
875 1106 1113 1173 διδασκαλικοῦ
1135 1099 1197 1192 ἤδη
1219 1113 1432 1196 προείρηκεν,

124 1200 175 1286 ῶς
197 1208 400 1292 δογματικῆς
422 1197 581 1290 ἐχόμενον
602 1199 769 1289 ἀκριβείας
790 1199 835 1271 τὰ
857 1206 918 1271 νῦν
940 1195 1195 1286 ἀναβαλλέσθω,
1227 1201 1275 1288 ῶς
1296 1211 1433 1295 είσαγω·

123 1302 317 1391 γικοότερον
338 1299 416 1391 ἄρτι
439 1307 502 1372 τοῦ
524 1299 629 1388 λόγου
651 1306 927 1389 συντελουμένου.
950 1303 982 1368 Μ

209 1413 258 1486 95,
282 1414 319 1473 10
341 1399 687 1488 παραφυλάττοντας]
703 1396 780 1472 ἀντὶ
796 1404 858 1470 τοῦ
872 1395 1140 1484 ῦποπτεύοντας,
1155 1397 1432 1492 εὐλαβουμένους,

67 1511 103 1564 10
125 1498 414 1590 ἀσφαλιζομένους
435 1501 522 1589 πρός
544 1497 630 1572 αύτὰ
653 1495 674 1589 ι]
696 1505 989 1588 παρατηροῦντας.
1011 1503 1045 1567 Μ

180 1668 183 1683 ,
208 1611 257 1684 96,
280 1612 316 1672 11
340 1597 460 1671 κοινόν
473 1608 557 1686 κτλ]
579 1596 832 1685 πιστωσάμενος
848 1602 911 1669 τόν
926 1595 1040 1686 λόγον,
1062 1595 1110 1682 ῶς
1132 1593 1322 1691 ἀδιάφορον
1346 1597 1433 1691 ἀνὴρ

122 1703 181 1772 καί
203 1699 288 1790 γυνὴ
319 1698 405 1787 πρός
428 1695 549 1790 ἀρετῆς
570 1703 727 1788 ἐργασίαν
749 1697 865 1786 (ἄμφω
896 1694 959 1786 γάρ
986 1696 1168 1786 ἄνθρωποι
1189 1695 1432 1789 ὀνομάζονται·

124 1793 177 1872 ῶν
198 1807 233 1872 δὲ
255 1800 375 1872 κοινὸν
390 1793 508 1888 όνομα,
532 1798 739 1870 τούτωνκαὶ
755 1793 775 1886 ἦ
790 1803 911 1886 πρᾶξις
929 1794 1050 1886 κοινή),
1072 1805 1129 1869 καὶ
1143 1795 1212 1872 ἀπὸ
1228 1798 1433 1889 Μενάνδρου

123 1905 188 1971 τοῦ
217 1907 365 1987 ποιητοῦ
396 1903 460 1988 τὴν
491 1907 608 1970 πίστιν
629 1891 729 1980 αὖθις
749 1893 1032 1985 καταδησάμενος,
1063 1895 1112 1980 ῶς
1133 1903 1189 1968 καί
1211 1903 1267 1970 ἐπὶ
1289 1899 1431 1992 ἄρρενος

67 2023 101 2076 15
122 2007 178 2072 καί
200 1997 325 2086 θήλεος
347 2005 472 2082 κοινῶς
494 1994 660 2070 Ἀττικῶν
690 1996 731 2068 τό
752 1992 933 2083 παιδάριον
962 1996 1262 2086 κατηγορούντων,
1293 2007 1431 2073 πιστοῦ

122 2128 180 2170 ται
202 2097 267 2170 τόν
289 2096 393 2187 λόγον
415 2106 470 2170 καί
492 2094 549 2171 ἀπ’
572 2095 679 2170 αὐτοῦ
701 2105 763 2169 τοῦ
784 2105 917 2183 κυρίου,
948 2093 1104 2184 πρόβατα
1134 2106 1189 2169 καὶ
1220 2093 1320 2187 ἀρνία
1351 2101 1432 2183 τούς

122 2201 248 2272 ἑαυτοῦ
269 2199 411 2282 πιστούς
432 2196 703 2282 ἀποκαλοῦντος,
736 2201 773 2268 έν
795 2196 845 2279 οίς
868 2196 987 2286 ἄνδρες
1017 2223 1055 2266 τε
1077 2204 1132 2269 καὶ
1154 2217 1308 2287 γυναῖκες
1329 2231 1431 2272 κατα-

122 2295 363 2390 λαμβάνονται.
385 2301 447 2368 FM

206 2404 513 2487 97,18μυωπίζει]
544 2393 705 2469 ὑποκινεῖ.
748 2393 769 2487 ἢ
796 2394 873 2470 ἀντὶ
903 2403 967 2470 τοῦ
995 2406 1157 2485 μαστίζει·
1198 2395 1302 2488 μύωψ
1324 2393 1432 2490 γάρὴ
1497 2447 1498 2450 =

66 2521 103 2576 20
120 2497 251 2588 μάστιξ.
272 2501 335 2568 FM

205 2609 254 2682 97,
277 2603 343 2668 221
360 2602 478 2668 παιδία
498 2599 602 2687 καλεῖ]
633 2592 694 2684 σύγ
724 2591 835 2681 οῦτως
861 2599 926 2686 ἔχει
948 2593 988 2666 τό
1011 2593 1218 2687 εὐαγγέλιον·
1264 2599 1347 2689 »τὴν
1367 2600 1431 2688 γὰρ

122 2695 240 2786 γενεάν
262 2694 409 2787 ταύτην(
427 2704 516 2785 λέγει
534 2705 620 2767 »τίνι
636 2690 829 2785 δμοιῶσω;«
854 2704 908 2766 καί
925 2701 1074 2784 ἐπιφέρει
1089 2696 1154 2785 τὴν
1170 2703 1243 2768 τῶν
1258 2694 1432 2785 ἀγοραίων

120 2803 271 2868 παιδίων
291 2793 499 2887 παραβολήν.
522 2801 582 2865 FM

205 2907 254 2980 98,
276 2907 295 2968 6
317 2892 426 2984 ἀρνία]
450 2891 527 2966 οῦδὲ
550 2902 655 2968 τοῦτο
678 2897 743 2984 ἔχει
765 2901 826 2966 νῦν
848 2890 1024 2984 ἡκυριακὴ
1040 2902 1166 2979 βίβλος·
1188 2890 1230 2964 ού
1249 2895 1313 2984 γὰρ
1329 2891 1430 2984 ἀρνία

67 3011 100 3064 ‘25
121 3005 210 3084 λέγει
231 2999 267 3066 ἐκ
290 2999 410 3082 δεξιῶν
433 3002 562 3084 στῆναι,
585 2992 674 3068 ἀλλὰ
695 2992 859 3081 πρόβατα.
882 2997 941 3060 FM

204 3106 315 3174 98,16
343 3093 531 3182 τρυγόνων]
556 3093 609 3167 διὰ
638 3101 701 3183 μέν
731 3101 804 3165 τῶν
838 3097 1050 3179 περιστερῶν
1080 3089 1121 3163 τό
1150 3090 1349 3180 πολύγονον
1382 3101 1429 3166 αἰ-

121 3191 320 3285 νιττόμενος
352 3201 560 3282 τοῦγένους,
593 3192 647 3267 διὰ
677 3200 713 3265 δὲ
745 3202 817 3266 τῶν
840 3187 1017 3282 τρυγόνων
1038 3187 1078 3262 τό
1104 3187 1219 3280 ἀζυγὲς
1242 3199 1298 3264 καί
1318 3190 1429 3266 ἀνεπί-

120 3323 242 3385 μικτον
263 3292 349 3383 πρὸς
372 3296 416 3367 τὰ
436 3293 481 3384 μὴ
504 3290 649 3385 ὁμογενῆ
671 3296 768 3384 ἔθνη·
811 3299 951 3365 τοιοῦτο
974 3289 1035 3378 γὰρ
1057 3298 1113 3361 καὶ
1136 3288 1156 3381 ἡ
1176 3290 1326 3381 τρυγῶν·
1364 3300 1427 3365 τοῦ

120 3391 287 3485 ὁμοζύγου
309 3390 536 3477 ἀπολωλότος
558 3391 619 3469 οῦκ
641 3397 732 3465 ἔστιν
754 3396 805 3465 ἔτι
828 3395 931 3481 ἑτέρῳ
956 3396 1134 3478 συζυγῆναι
1159 3388 1223 3461 τόν
1237 3395 1429 3480 ἐγκαταλει-

68 3513 101 3567 30
119 3501 262 3582 φθέντα.
286 3497 347 3564 FM
1330 3499 1332 3506 ’

203 3605 251 3675 98,
274 3603 313 3666 26
336 3589 476 3682 άζυγείς]
500 3590 567 3666 ἀπὸ
591 3590 725 3676 εύθείας
747 3599 808 3683 τῆς
831 3588 959 3680 άςυγὴς.
982 3595 1042 3660 FM

203 3703 251 3774 99,
274 3689 457 3782 91Ἀρέ9α
480 3690 749 3782 ἀρχιεπισκόιιου.
778 3687 975 3778 »Δεσμεύων
995 3688 1082 3779 πρός
1103 3688 1257 3778 ἄμπελον
1280 3689 1344 3763 τόν
1359 3698 1429 3761 πῶ-

120 3803 183 3865 λον
213 3789 329 3876 αύτοῦ,
359 3799 414 3863 καί
446 3802 489 3882 τῇ
519 3796 602 3864 ίλικι
624 3791 687 3866 τὸν
709 3801 831 3864 πῶλον
854 3797 913 3880 τῆς
936 3782 1020 3860 όνου
1041 3785 1173 3861 αὐτοῦ(
1218 3795 1341 3860 πῶλον
1363 3788 1427 3860 τόν

119 3899 198 3965 νέον
221 3889 306 3964 λαόν
328 3898 389 3982 τῆς
407 3894 495 3964 κατὰ
518 3891 669 3982 Χριστόν
690 3899 865 3973 πολιτείας
886 3901 990 3972 καλεῖ,
1013 3888 1166 3976 ἄμπελον
1188 3886 1252 3977 τὴν
1275 3883 1343 3960 ἀπὸ
1366 3895 1428 3977 τῆς

68 4009 100 4062 9ο
118 3997 291 4074 Μωυσέως
313 4001 515 4082 νομοθεσίας
537 3999 592 4065 καὶ
615 3999 676 4082 τῆς
698 3996 828 4064 ἐκεῖθεν
850 3997 1059 4076 φυτοκομίας
1089 3993 1143 4059 ἐπὶ
1173 3994 1256 4076 μέγα
1276 3999 1427 4075 θεογνω-

118 4100 191 4175 σίας
212 4096 403 4182 ἐπηρμένην
426 4103 585 4182 φατρίαν,
616 4099 671 4162 καὶ
695 4086 749 4162 ότι
771 4096 886 4170 τοῦτο,
918 4084 1064 4176 όἈμῶς
1083 4083 1216 4168 Ἡσαΐας
1246 4094 1303 4157 καὶ
1325 4091 1429 4158 Δαυίδ

118 4185 359 4263 ότοῦἸεσσαὶ
381 4199 529 4282 έχέγγυοι
551 4188 740 4280 τὸνλόγον
761 4190 1008 4270 πιστώσασθαι,
1041 4181 1141 4275 όμὲν
1174 4181 1211 4257 »ό
1242 4183 1424 4276 ἀμπελῶνι

202 4346 317 4402 91-98
336 4347 391 4416 vgl.
410 4347 508 4401 Matth.
528 4349 664 4414 11,16-
683 4345 813 4415 941υ31.
832 4343 933 4398 Matth.
953 4345 994 4407 95,
1008 4344 1085 4396 33-
1099 4341 1213 4397 88-89
1231 4341 1287 4410 vgl.
1304 4341 1426 4410 Physiol.

117 4433 151 4486 30
168 4431 244 4503 (περί
261 4429 412 4502 τρυγόνος]
430 4461 463 4471 -
482 4432 548 4488 881
563 4434 630 4488 Gen.
648 4433 689 4494 49,
710 4435 738 4484 11
758 4460 790 4470 -
809 4429 844 4483 81
858 4429 874 4484 1
888 4428 941 4482 ίεε.
959 4429 983 4494 5,
1002 4430 1016 4480 7

202 4549 221 4604 8
239 4549 298 4619 [καί
315 4544 352 4620 τί]
370 4549 421 4615 St!
438 4551 475 4606 15
494 4545 607 4606 Ἀττικοί
624 4581 657 4588 -
674 4554 900 4618 κατηγοροῦνται
917 4545 938 4599 F
953 4547 957 4612 ]
972 4543 1011 4599 98
1029 4543 1138 4598 παίδων
1154 4541 1175 4594 F
1199 4543 1203 4608 l
1228 4543 1267 4598 88
1294 4549 1426 4598 τοιοῦτον

117 4632 313 4760 1199119ίῖ]
333 4634 486 4702 μετάθεσιν
505 4635 618 4702 111181
639 4631 729 4688 ίεσσαί
747 4633 768 4685 F
786 4629 861 4686 ίεσσὲ
878 4631 907 4684 Μ
926 4627 983 4684 ίεσὲ
1001 4627 1037 4680 Ρ2
1180 4711 1210 4763 21

164 4719 273 4764 clemen·
301 4751 306 4763 .
1180 4711 1186 4734 ,
