3510 5474
341 419 401 482 218
924 410 1057 464 Clemens.

340 573 402 664 γάρ
426 572 487 657 τὰς
509 581 674 662 τέτταρας
695 581 750 643 καὶ
780 577 884 644 εἴκοσι
904 570 1056 661 χιλιάδας
1083 572 1136 644 διὰ
1163 581 1328 660 πορνείαν
1359 570 1577 662 ὀπωσμένας,
1610 573 1651 644 τὰ

339 679 375 744 δὲ
397 669 585 764 παθήματα
606 681 680 744 τῶν
701 668 976 762 πορνευσάντων,
999 669 1047 755 σός
1069 668 1133 762 ήδη
1152 700 1210 762 μοι
1225 678 1388 758 λέλεκται,
1414 671 1554 746 »τύποιι
1580 701 1652 744 παι-

340 779 574 864 δαγωγοῦντες
597 772 694 864 ήμῶν
716 772 777 855 τὰς
799 777 979 862 ἐπιθυμίας
1000 776 1091 844 εἰσίν.
1128 769 1207 862 ἡμῖν
1233 779 1268 844 δὲ
1289 767 1308 842 6
1328 773 1546 862 παιδαγωγὸς
1567 802 1651 860 παρ

338 893 426 945 αινεῖ
445 881 653 962 σαφέστατα·
683 868 811 944 »ὀπίσω
835 880 910 943 τῶν
933 875 1126 962 ἐπιθυμιῶν
1148 897 1210 944 σου
1230 872 1275 962 μὴ
1297 871 1462 962 πορεύου,
1494 881 1551 944 καί
1582 871 1649 944 άπὸ

304 981 412 1047 ὁτῶν
435 969 582 1061 ὀρέξεων
605 996 667 1045 σου
688 971 851 1044 κωλύσαι
885 973 997 1056 »σίνος
1024 980 1028 1062 Ι
1056 973 1120 1062 γὰρ
1150 980 1205 1044 καὶ
1236 991 1389 1061 γυναῖκες
1419 968 1650 1062 άποοτήσουσι
1666 986 1723 1037 2-1·

338 1072 508 1158 συνετούς,
531 1081 587 1145 καὶ
609 1069 628 1144 ό
651 1073 868 1162 κολλώμενος
889 1069 1032 1158 πόρναις
1059 1070 1314 1161 τολμηρότερσς
1336 1069 1526 1161 ἐκβήσεται,
1549 1079 1650 1162 σῆψις

338 1180 394 1244 καὶ
417 1175 551 1262 σκιάληξ
573 1170 887 1262 κληρονομήσουσιν
910 1168 1025 1256 αύτόν,
1046 1180 1102 1243 καὶ
1124 1170 1346 1262 ἐξαρθήσεται
1367 1177 1405 1242 έν
1422 1176 1650 1261 παραδειγμα-

339 1280 446 1362 τισμῷ
469 1281 630 1360 μείςονιι,
653 1279 708 1342 καὶ
730 1268 835 1344 πάλιν
856 1269 911 1359 (σύ
932 1271 994 1361 γάρ
1017 1268 1205 1358 άποκάμνει
1228 1269 1402 1360 αίφελῶν)·
1431 1267 1470 1342 »6
1493 1277 1530 1342 δέ
1553 1267 1651 1344 άντο-

339 1379 512 1459 φθολμῶν
542 1368 648 1460 ήδονῆ
680 1389 846 1458 στεφανοῖ
872 1372 938 1461 τήν
969 1371 1062 1460 ζωήν
1092 1367 1223 1444 αύτσύπ
1277 1365 1406 1444 ούκουν
1437 1367 1651 1460 ὀφροδισίων
1668 1389 1726 1442 1θὶ

287 1493 321 1548 10
339 1468 510 1560 ἡττᾶσθαι
531 1478 663 1544 δίκαιον
686 1468 763 1544 ούδέ
784 1471 851 1561 μήν
877 1477 1052 1561 κεχηνέναι
1073 1479 1148 1560 περὶ
1171 1470 1232 1554 τὰς
1254 1476 1445 1562 ἐπιθυμίας,
1473 1466 1551 1544 ἄλλ’
1576 1467 1650 1544 οὐδὲ

337 1575 604 1643 ἐκπαθαίνεσθαι
631 1578 708 1660 περὶ
736 1569 797 1654 τὰς
818 1567 964 1660 άλόγους
986 1565 1110 1658 ὀρέξεις
1133 1567 1211 1643 οόδὲ
1238 1574 1415 1661 ἐπιθυμεῖν
1435 1569 1650 1660 μολύνεσθαι

338 1679 486 1760 σπείρειν
508 1677 543 1742 δε
565 1668 673 1760 μόνον
695 1675 939 1758 ἐπιτέτραπται
962 1678 1012 1760 τῷ
1036 1668 1180 1760 γήμαντι
1202 1667 1251 1754 αἶς
1265 1677 1405 1761 γεωργῷ
1422 1669 1463 1742 τὸ
1480 1667 1648 1760 τηνικάδε,

337 1765 484 1860 ὁπηνίκα
507 1769 525 1842 ὁ
548 1769 664 1858 καιρὸς
685 1776 815 1859 δέχεται
837 1769 901 1842 τὸν
923 1767 1061 1858 σπόρον.
1098 1767 1184 1858 πρός
1206 1776 1242 1842 δὲ
1264 1770 1305 1859 δή
1328 1769 1393 1858 τὴν
1414 1769 1527 1859 ἄλλην
1551 1767 1677 1858 ἄκρα-2

336 1879 412 1942 σίαν
434 1871 575 1958 ἄριστον
601 1865 707 1961 μένό
737 1866 839 1959 λόγος
870 1866 1062 1959 φάρμακον,
1091 1879 1215 1958 βοηθεῖ
1242 1876 1278 1942 δὲ
1306 1877 1363 1940 καὶ
1394 1865 1414 1958 6
1445 1875 1558 1941 ἔνδεια
1589 1877 1648 1942 τοῦ

286 1992 318 2044 15
335 1969 454 2058 κόρου,
483 1969 524 2042 δι’
548 1962 589 2042 ού
610 1977 872 2060 φλεγμαίνουσαι
894 1973 927 2038 az
954 1971 1129 2059 ἐπιθυμίαι
1149 1975 1312 2058 σκιρτῶσι
1333 1977 1409 2057 περὶ
1432 1969 1493 2052 τὰς
1516 1966 1648 2058 ἡδονάς.

337 2067 463 2142 οὐκοῦν
486 2068 564 2144 οὐδὲ
586 2075 734 2160 ἐσθῆτος
756 2065 999 2158 άντιπσιητέον
1019 2075 1230 2152 πολυτελοῦς
1250 2066 1406 2158 καθάπερ
1423 2065 1502 2142 οὐδὲ
1517 2075 1647 2157 τροφῆς

335 2179 500 2260 ποικίλης.
544 2167 648 2253 αύτός
675 2176 759 2258 γοῦν
781 2164 800 2240 6
822 2168 936 2258 κύριος
959 2175 1100 2254 διαιρῶν
1122 2169 1184 2252 τὰς
1205 2167 1385 2259 ύποθήκας
1407 2171 1455 2252 είς
1477 2198 1514 2240 τε
1538 2169 1647 2258 ψυχήν
1662 2199 1675 2248 3

336 2277 393 2339 καὶ
415 2277 510 2358 σῶμα
531 2277 587 2340 καὶ
610 2278 729 2359 τρίτον
751 2267 794 2341 τὰ
817 2265 924 2352 ἐκτός,
947 2269 1003 2340 διὰ
1024 2275 1085 2359 μὲν
1107 2267 1148 2340 τό
1164 2276 1260 2356 σῶμα
1276 2269 1318 2340 τὰ
1333 2267 1431 2352 ἐκτός
1446 2275 1646 2358 πορίζεσθαι

337 2368 559 2456 συμβουλεύει,
583 2375 721 2442 διοικεῖν
736 2375 772 2440 δέ
788 2367 829 2440 τὸ
844 2374 941 2456 σῶμα
962 2375 1004 2456 τῆ
1028 2375 1128 2456 ψυχῇ,
1151 2377 1362 2459 παιδαγωγεῖ
1381 2375 1416 2440 δὲ
1438 2367 1504 2459 τήν
1526 2367 1646 2458 ψυχήν.

285 2485 319 2539 20
341 2464 402 2555 »μή
425 2474 623 2556 μεριμνᾶτε(
648 2474 759 2557 λέγων
787 2475 848 2555 »τῆ
871 2475 962 2556 ψυχῇ
984 2463 1081 2558 ὑμῶν
1103 2477 1137 2539 τί
1160 2465 1305 2559 φάγητε,
1332 2473 1414 2559 μηδὲ
1441 2474 1492 2557 τῷ
1516 2468 1646 2558 σώματι
1737 2529 1738 2550 2

336 2563 432 2656 ύμων
459 2575 492 2638 τί
518 2566 716 2656 ἐνδύσησθε·
745 2563 765 2657 6
796 2567 860 2656 γὰρ
890 2568 981 2657 ψυχή
1011 2576 1142 2641 πλείων
1172 2573 1244 2640 ἐστὶ
1275 2573 1335 2658 τῆς
1366 2575 1498 2658 τροφῆς
1528 2568 1646 2640 καὶτὸ

336 2675 432 2755 σῶμα
455 2674 519 2739 τοῦ
540 2665 751 2757 ἐνδύματος.ι
796 2674 852 2737 καὶ
879 2671 940 2755 τῆς
968 2673 1181 2750 διδασκαλίας
1207 2671 1341 2757 ἐναργὲς
1367 2664 1555 2758 ὑπόδειγμα
1581 2673 1675 2745 ἐπι-1

337 2774 443 2855 φέρει·
469 2764 721 2856 »κατανοήσατε
737 2765 817 2848 τούς
832 2762 987 2855 κόρακας,
1011 2760 1065 2852 ότι
1089 2763 1130 2841 ού
1145 2776 1338 2858 σπείρουσιν
1353 2763 1430 2840 ούδέ
1445 2777 1646 2858 θερίζουσιν,

337 2867 386 2950 οίς
409 2862 472 2937 ούκ
494 2869 563 2937 ἔστι
591 2884 744 2957 ταμιεῖον
769 2874 824 2936 καὶ
847 2862 1020 2994 άποθήκη,
1043 2875 1099 2938 καὶ
1126 2862 1145 2938 6
1168 2866 1249 2950 θεὸς
1271 2874 1388 2956 τρέφει
1410 2865 1544 2950 αύτούς.
1588 2865 1675 2956 οόχῖι

285 2987 318 3043 25
336 2962 428 3053 ὑμεῖς
450 2970 625 3056 διαφέρετε
648 2973 722 3037 τῶν
743 2993 903 3055 πτηνων
908 2997 920 3030 ι
950 2975 1006 3038 καὶ
1034 2973 1142 3039 ταῦτα
1167 2996 1229 3057 μεν
1250 2975 1327 3059 περὶ
1349 2973 1491 3058 τροφῆς·
1523 2961 1649 3056 ὁμοίως

337 3073 372 3138 δε
394 3072 450 3136 καὶ
472 3071 547 3153 περὶ
570 3069 717 3154 ἐσθῆτος
738 3073 917 3184 παρεγγυᾷ,
941 3065 1057 3158 ήτοόν
1079 3075 1210 3156 τρίτων
1231 3076 1421 3158 μετείληφε,
1445 3073 1519 3138 τῶν
1542 3063 1647 3148 ἐκτός
1736 3049 1737 3113 λ

339 3163 611 3254 »κατανοήσατει
637 3169 749 3253 λέγων
774 3163 834 3236 »τὰ
857 3173 956 3250 κρίνα
977 3195 1054 3249 πως
1077 3159 1154 3238 σύτε
1179 3165 1277 3257 νήθει
1293 3160 1371 3240 ούτε
1391 3163 1537 3255 ύφαίνει,
1561 3171 1647 3253 λέγω

336 3271 372 3334 δέ
394 3260 480 3354 ύμῖν,
502 3257 557 3335 ότι
581 3259 657 3335 ούδὲ
680 3265 851 3352 Σολομὼν
872 3263 1092 3352 περιεβάλετο
1116 3297 1164 3348 ως
1191 3269 1228 3338 έν
1249 3265 1413 3342 τούτων(
1459 3263 1593 3354 σφόδρα
1615 3269 1648 3334 δὲ

336 3368 390 3434 ἐπὶ
426 3365 568 3450 πλούτῳ
606 3360 710 3452 ἐκόμα
746 3359 764 3433 6
802 3360 1022 3453 Σολομων“
1004 3395 1022 3435 ο
1058 3365 1218 3450 βασιλεύς.
1270 3374 1304 3438 τί
1339 3359 1401 3438 ούν
1437 3362 1647 3454 ωραιότερον
1735 3369 1736 3398 ³

286 3485 320 3540 30
336 3493 391 3534 και
428 3459 675 3552 εὐανθέστερον
711 3458 865 3548 άνθέων;
904 3471 938 3534 τί
968 3469 1004 3536 δέ
1044 3468 1326 3554 ἐπιτερπέστερον
1361 3473 1489 3554 κρίνων
1527 3461 1559 3553 [6
1593 3464 1647 3556 μύ-
1664 3469 1736 3542 11θλλ

337 3571 421 3652 ρων]
468 3559 489 3652 6
531 3561 661 3652 ῥόδων;
711 3567 759 3634 »εί
802 3569 837 3634 δὲ
881 3563 944 3635 τὸν
987 3561 1115 3654 χόρτον
1157 3563 1382 3656 σήμερονν
1344 3568 1382 3636 ἐν
1425 3560 1517 3688 άγρῷ
1565 3558 1647 3637 ὄντα

336 3669 392 3734 καὶ
428 3655 546 3752 αύριον
581 3669 627 3746 είς
662 3671 824 3746 κλίβανον
859 3660 1069 3783 βαλλόμενον
1108 3659 1127 3734 6
1167 3664 1248 3748 θεὸς
1287 3658 1400 3747 οὕτως
1440 3661 1647 3754 άμφιέννυσι.

337 3759 435 3851 πόσῳ
460 3769 603 3882 μᾶλλον
639 3761 739 3852 ὑμᾶς,
777 3757 998 3850 ὀλιγόπιστοι
1055 3771 1111 3836 καί
1147 3761 1238 3853 όμεῖς
1273 3765 1317 3886 μή
1355 3774 1485 3854 ζητεῖτε
1523 3772 1558 3834 τί
1590 3760 1648 3852 φά

337 3890 417 3952 γητε
456 3858 478 3950 6
507 3870 540 3933 τί
570 3869 696 3950 πίητεπ
752 3867 903 3934 ἐνταῦθα
944 3863 983 3936 τὸ
1019 3869 1087 3934 »τίι
1124 3860 1246 3953 μόριον
1277 3864 1343 3954 τήν
1380 3871 1556 3936 ποικιλίαν
1589 3869 1676 3952 τῆςκ
1734 3877 1735 3927 λ

423 4082 438 4138 1
459 4081 514 4151 vgl.
533 4081 612 4134 Num.
632 4083 673 4146 25,
691 4083 707 4137 9
726 4113 758 4121 —
778 4083 851 4139 1-6
869 4085 924 4155 vgl.
944 4087 968 4140 S.
981 4087 1038 4153 211,
1058 4085 1109 4139 191
1119 4115 1152 4124 -
1165 4085 1210 4140 21
1226 4085 1282 4154 vgl.
1300 4083 1390 4138 IKor.
1403 4083 1473 4149 10,6
1490 4113 1524 4122 -
1541 4082 1587 4141 41
1602 4085 1647 4139 Sir.

339 4167 377 4233 18,
396 4167 430 4221 30
447 4196 479 4206 -
498 4166 571 4221 5-9
590 4165 640 4221 Sir.
654 4169 693 4233 19,
707 4167 775 4222 215
793 4168 911 4234 (Glosse)
930 4201 963 4208 -
983 4169 1094 4226 20—25
1114 4169 1365 4234 Ιιιιίι.12,22-24;
1382 4167 1438 4240 vgl.
1451 4167 1551 4224 Matth.
1564 4171 1589 4238 6,
1602 4169 1652 4223 251

338 4281 370 4288 -
384 4250 521 4306 6166.
535 4252 575 4318 12,
589 4253 636 4314 27;
648 4251 705 4320 vgl.
718 4252 817 4307 Matth.
832 4255 856 4315 6,
866 4254 956 4307 281-
967 4253 1068 4310 61-8.
1080 4254 1171 4318 2167
1188 4254 1256 4309 Luk.
1266 4255 1306 4322 12,
1317 4254 1380 4318 286
1391 4253 1448 4324 vgl.
1457 4253 1557 4308 6661.
1567 4257 1592 4321 6,
1602 4253 1652 4309 301
1733 4293 1734 4335 1

424 4452 439 4507 l
459 4450 606 4522 τέτταρας]
624 4461 700 4524 τρεῖς
716 4453 874 4522 iibergesch.
893 4453 936 4508 6²
950 4457 954 4520 Ι
970 4451 1142 4524 ἀπωσμένας
1160 4455 1202 4508 6²
1220 4451 1398 4523 ἀποισμένας
1415 4455 1507 4509 PFM*
1522 4457 1527 4524 Ι
1545 4458 1583 4513 12
1606 4455 1646 4525 τδ]

337 4542 377 4607 τῷ
395 4535 450 4604 1³³1
467 4535 505 4591 16
524 4537 642 4592 διοικεῖν
660 4538 739 4592 Schw
757 4539 889 4594 διοικεῖΡ
905 4539 965 4606 128
984 4533 1028 4594 δτι
1046 4541 1067 4608 (ι
1084 4539 1112 4594 in
1130 4540 1203 4608 Rae.)
1222 4539 1257 4592 1³²
1272 4540 1276 4606 Ι
1291 4539 1332 4595 80
1349 4535 1463 4596 ἀνθέων
1482 4543 1520 4609 (νλ
1538 4540 1568 4595 in
1580 4541 1647 4606 66]

340 4621 375 4672 Ι)2
398 4625 402 4690 Ι
427 4621 472 4674 δαί
490 4619 512 4672 Ρ
528 4622 533 4688 Ι
549 4621 612 4676 θθῖ
627 4617 655 4690 [6
672 4620 779 4692 μύρων]
799 4621 896 4676 Lowth
916 4617 932 4693 ἢ
949 4623 1063 4696 λειρίων
1081 4623 1117 4694 Sy
1132 4625 1138 4692 Ι
1153 4623 1191 4682 31
1211 4621 1239 4680 εί
1253 4623 1284 4680 δὲ
1300 4624 1335 4677 P¹
1354 4621 1395 4681 ίδέ
1412 4625 1451 4677 Ρ*
