3520 5480
334 450 395 512 268
920 445 1054 499 Clemens.

335 612 422 694 λέγει
447 611 519 678 »καὶ
541 603 682 696 ίνύφῄ·
712 603 868 698 βάμματα
889 614 925 679 δὲ
946 607 991 698 μὴ
1013 612 1218 694 προσφέρειν
1241 601 1312 676 ἀλλ’
1336 599 1465 694 ἢπρός
1489 603 1535 674 τὰ
1550 612 1646 676 πολέ-

334 733 400 794 μου
420 704 647 796 κοσμήματα(
693 706 916 796 είρηνικοτς”
896 735 962 798 αρα
984 703 1185 794 ἀνθρώποις
1207 712 1264 775 καί
1279 722 1463 792 φωτεινοίς
1477 701 1646 792 κατάλλη

335 815 398 876 λον
413 803 454 876 τό
470 803 599 877 λευκόν.
625 803 674 890 σός
689 800 752 879 οὖν
768 807 811 878 τὰ
826 825 943 896 σημεῖα
954 807 1029 896 <τὰ>
1046 797 1258 895 ἐγγυτάτω
1239 833 1324 876 οντα
1340 810 1411 874 τῶν
1426 809 1554 874 αίτίων
1567 831 1646 891 παρ·
1661 819 1713 880 55,1

335 901 421 976 όντα
452 913 616 994 σημαίνει,
647 912 836 995 μᾶλλονδὲ
858 911 1004 978 δείκνυσι
1026 905 1092 996 τὴν
1115 911 1178 975 τού
1200 899 1472 986 ἀποτελέσαντος
1492 899 1647 993 ύπαρξιν,

300 1029 316 1080 5
335 1002 411 1076 οἷον
426 1003 556 1086 καπνός
571 1013 632 1096 μὲν
646 1011 723 1095 πῦρ,
748 999 881 1094 εύχροια
897 1013 932 1078 δὲ
947 1014 1003 1078 καί
1018 1002 1178 1093 εύσφυξίιι
1193 1001 1330 1093 ύχίειαν,
1354 998 1467 1086 ούτως
1489 1011 1548 1074 καὶ
1571 1000 1648 1090 παρ’
1735 1023 1736 1088 1

334 1100 413 1191 ἡμῖν
429 1100 450 1193 6
465 1102 580 1176 τοιάδε
595 1105 700 1195 στολὴ
718 1113 780 1178 τοῦ
795 1102 903 1194 ἤθους
917 1105 983 1196 τὴν
996 1103 1206 1177 κατάστασιν
1220 1109 1436 1176 ἐνδείκνυται.
1480 1101 1649 1190 καθάριος
1662 1120 1675 1172 2

334 1208 447 1274 δὲκαὶ
469 1203 598 1293 ἀφελὴς
620 1200 640 1292 ἡ
663 1203 878 1294 σωφροσύνη,
901 1210 972 1277 ἐπεὶ
995 1202 1014 1294 6
1036 1211 1098 1294 μὲν
1119 1201 1329 1292 καθαριότης
1345 1203 1409 1290 ἕξις
1424 1206 1520 1274 ἐστὶν
1542 1231 1648 1291 παρα-

335 1305 534 1392 σκευαστικὴ
550 1307 678 1392 διαίτης
693 1311 847 1393 καθαρᾶς
856 1311 910 1374 καί
921 1301 1059 1393 ἀμιγοῦς
1075 1308 1230 1391 αἰσχροῖς,
1248 1299 1313 1391 ἡδὲ
1324 1299 1464 1390 ἀφέλεια
1474 1303 1542 1389 ίξις
1553 1299 1648 1389 ἀφαι-

335 1401 449 1490 ρετικη
465 1409 540 1473 τῶν
559 1409 742 1488 περιττῶν.
779 1401 799 1492 6
815 1409 850 1474 δὲ
865 1404 982 1490 στερεὰ
998 1401 1101 1492 ἐσθὴς
1120 1409 1176 1473 καί
1198 1400 1342 1490 μάλιστα
1358 1397 1377 1488 6
1393 1399 1552 1490 ἀγναφος
1568 1398 1675 1472 ἀπο-3
1736 1439 1737 1446 ¹

284 1525 317 1578 10
334 1506 443 1590 στέγει
458 1499 498 1572 τό
509 1499 638 1592 θερμὸν
651 1500 693 1572 τό
703 1506 739 1572 έν
754 1509 805 1592 τῷ
816 1504 957 1589 σώματι,
968 1500 1027 1591 σύχ
1039 1495 1093 1573 ότι
1103 1507 1140 1574 έν
1155 1499 1240 1590 αύτῇ
1255 1505 1321 1590 ἔχει
1335 1501 1399 1590 τὴν
1414 1497 1615 1590 θερμότητα
1629 1497 1647 1588 6

335 1598 446 1723 ἐσθής,
463 1595 537 1672 ἀλλ’
548 1595 603 1672 ότι
613 1600 723 1690 τὴνέν
734 1609 783 1692 τῷ
795 1601 926 1690 σώματι
936 1605 1091 1688 ἐξιοῦσαν
1108 1597 1373 1722 άναστρέφεικαὶ
1389 1597 1548 1686 πάροδον
1564 1597 1647 1688 αύτῇ

1608 1733 1625 1769 ’.ι

335 1795 438 1889 αύτῆς
461 1811 690 1890 θερμανθεῑσα
710 1797 963 1890 ἀναθερμαίνει
986 1799 1027 1872 τό
1049 1809 1154 1890 σῶμα,
1177 1797 1219 1870 δι’
1241 1795 1331 1870 όκαί
1346 1807 1511 1887 χειμῶνος
1530 1805 1535 1888 Ι
1556 1799 1647 1888 μάλι-
1662 1809 1727 1866 ιθῖΡ

335 1924 398 1971 στα
414 1899 522 1988 ταύτη
544 1906 721 1989 χρηστέον·
744 1893 885 1983 εὔκολος
901 1907 935 1973 δὲ
952 1897 1049 1989 αὕτη
1073 1897 1209 1972 εὐκολία
1225 1905 1261 1971 δι’
1274 1904 1367 1970 ε’στιν
1383 1901 1447 1984 ίξις
1462 1895 1674 1986 ἀπέριττοςί

284 2021 316 2074 15
334 2000 561 2120 προσδεκτικίγ
584 2008 657 2070 τῶν
678 1999 764 2087 πρὸς
780 1999 820 2070 τό
843 1998 1023 2082 ἀνελλιπὲς
1038 1998 1277 2121 ἐξαρκούντων
1291 2005 1337 2081 εἰς
1352 1998 1416 2070 τὸν
1428 1997 1519 2069 κατὰ
1536 1997 1646 2086 λόγον.

335 2097 398 2171 τὸν
412 2094 489 2188 ύγιη
472 2105 558 2170 ’καί
573 2097 749 2189 μακάριον,
772 2106 855 2186 βίον.
898 2097 1077 2190 κεχρήσθω
1098 2104 1133 2168 δὲ
1154 2095 1256 2168 καί(
1236 2129 1256 2186 η
1272 2097 1355 2188 γυνὴ
1380 2104 1423 2186 τῇ
1445 2106 1525 2186 λιτῇ
1540 2123 1644 2186 οτοκη
1661 2109 1715 2163 5

328 2204 388 2267 καὶ
401 2205 444 2287 τῇ
459 2205 568 2288 σεμνῆ,
588 2205 812 2290 μαλακωτέρα
828 2206 864 2270 δὲ
881 2205 1013 2288 μᾶλλον
1032 2193 1053 2285 6
1067 2204 1237 2287 προσῆκεν
1251 2194 1355 2284 ἀνδρί,
1374 2195 1519 2286 πλὴνού
1530 2205 1647 2270 τέλεον
1738 2240 1739 2296 χ

334 2293 614 2419 ἀπηρυθριακυίᾳ,
634 2328 674 2370 ου
666 2296 889 2421 ’διαρρεούση
905 2327 946 2386 τη
931 2296 1182 2386 ’μαλακότητι
1206 2301 1315 2368 ίστων
1329 2303 1364 2368 δὲ
1382 2329 1414 2368 αι
1406 2294 1613 2388 ἐσθῆτες“
1593 2327 1645 2384 αρ
1738 2313 1739 2330 ³

333 2393 627 2518 μόζοοσαιῆλικίᾳ,
645 2397 833 2486 προσώπῳ,
850 2394 980 2480 τόποις,
996 2395 1102 2484 φύσει,
1119 2395 1384 2486 ἐπιτηδεύμασιν.
1407 2397 1677 2468 »ίνδύσασθαιιθ

283 2515 316 2570 20
334 2495 396 2584 γάρ
417 2493 601 2585 παγκάλως
620 2492 699 2585 ημῖν
725 2525 743 2567 ο
762 2507 856 2578 θεῖος
875 2492 1069 2577 ἀπόστολος
1089 2495 1302 2585 συμβουλεύει
1323 2494 1404 2568 »τόν
1424 2495 1576 2584 Χριστόν
1593 2495 1645 2584 Ἰη-

333 2601 425 2680 σούν,
444 2601 576 2686 καὶτῆς
593 2595 715 2682 σαρκός
730 2592 899 2685 πρόνοιαν
918 2593 962 2684 μὴ
978 2607 1151 2667 ποιεῖσθαι
1169 2601 1215 2680 είς
1236 2600 1445 2684 ίπιθυμίαςι.
1470 2595 1596 2666 κωλύει
1612 2601 1644 2666 δὲ
1661 2605 1678 2658 3

332 2700 548 2783 βιαζομένους
569 2694 633 2784 τὴν
656 2694 758 2782 φύσιν
774 2690 792 2766 6
808 2692 910 2784 λόγος
933 2695 1013 2778 τούς
1035 2695 1158 2780 λοβούς
1173 2703 1247 2766 τῶν
1263 2692 1381 2766 ω’τίων
1397 2703 1562 2783 τιτρᾶναι.
1592 2695 1644 2766 διὰ
1739 2741 1740 2758 1

334 2802 366 2864 τί
386 2795 449 2883 γὰρ
464 2791 536 2883 σύχὶ
551 2801 606 2865 καὶ
621 2794 686 2884 τὴν
709 2797 800 2882 ῥίνας
822 2799 877 2865 ίνα
900 2795 940 2884 δὴ
957 2790 1091 2866 κάκεῖνο
1108 2802 1276 2883 πληρωθῇ
1292 2793 1333 2864 τὸ
1349 2799 1538 2883 εἰρημένον·
1565 2793 1643 2866 »6¹6-

332 2922 395 2982 περ
410 2893 556 2966 ἐνώτιον
573 2898 609 2964 ἐν
625 2896 693 2981 ῥινὶ
716 2889 784 2976 ύός,
807 2889 920 2976 ούτως
935 2901 1064 2983 γυναικὶ
1080 2892 1270 2982 κακόφρονι
1292 2891 1443 2976 κάλλος.«
1490 2893 1645 2966 καθόλου
1659 2909 1676 2959 4

281 3013 313 3067 25
334 2993 395 3082 γάρ
418 2998 447 3064 εί
468 3023 519 3078 τις
542 2991 671 3083 ἡγεῖται
701 3002 899 3122 κοσμεῖσθαι
927 3003 1064 3082 χρυσίῳ,
1096 2989 1250 3064 ἐλάττων
1273 2996 1364 3064 ἐστὶν
1386 3002 1538 3081 χρυσίου,
1571 2989 1643 3064 όδὲ

332 3091 489 3165 ἐλάττων
511 3101 651 3182 χρυσίου
673 3089 735 3163 ούκ
758 3097 827 3162 εὀτι
849 3091 963 3181 κύριος
988 3089 1101 3163 αύτοῦ.
1144 3088 1374 3181 ἀκοσμότερον
1405 3098 1439 3163 δὲ
1462 3087 1644 3182 ὁμολογεῖν

333 3191 455 3263 εαυτόν
483 3189 584 3263 καί(
570 3192 702 3281 η’ττονα
734 3199 796 3263 τοῦ
827 3199 953 3264 Λυδίου
984 3189 1173 3311 ψήγματος
1196 3198 1271 3273 πῶς
1307 3189 1369 3263 ούκ
1399 3187 1646 3273 ἀτοπωτατοι;

331 3290 488 3381 καθάπερ
520 3297 582 3363 σύν
612 3300 668 3362 καί
700 3289 740 3362 τό
771 3299 909 3380 χρυσίον
939 3299 1106 3380 μιαίνεται
1132 3299 1193 3382 τῆς
1215 3288 1294 3374 συός
1314 3299 1357 3380 τῇ
1379 3288 1572 3384 ἀκαθαρσίᾳ
1596 3300 1676 3381 665

332 3390 444 3513 ῥύγχει
467 3391 530 3462 τόν
552 3390 705 3479 φορυτόν
728 3389 1008 3480 έκταρασσούσης,
1039 3386 1149 3472 οὕτως
1181 3387 1392 3480 ἀσελγαίνειν
1421 3395 1455 3462 αί
1486 3419 1646 3480 τρυφητι-

280 3507 314 3562 30
331 3518 479 3578 κωτεραι
508 3486 576 3562 ύπδ
608 3499 669 3581 τῆς
699 3498 893 3578 περιουσίας
924 3489 1141 3578 ἐπαιρόμεναι
1173 3489 1213 3560 τὸ
1244 3489 1371 3592 κάλλος
1403 3490 1443 3562 τό
1475 3487 1646 3578 ἀληθινόν

332 3596 592 3675 καθυβρίζουσιν
615 3587 825 3678 ἀφροδισίων
847 3602 1037 3679 μολυσμοίς.
1065 3595 1214 3660 δίδωσιν
1236 3593 1299 3662 σύν
1321 3588 1437 3673 αύτατς
1460 3589 1716 3662 δακτύλιον]
1661 3612 1716 3676 οη]

333 3692 368 3758 ἐκ
390 3695 536 3776 χρυσίου,
568 3687 645 3759 ούδε
667 3697 796 3760 τοῦτον
818 3695 865 3771 είς
885 3686 1023 3778 κόσμον,
1055 3685 1129 3760 ἀλλ’
1152 3692 1198 3771 εἰς
1221 3689 1261 3759 τό
1284 3686 1579 3779 ἀποσημαίνεοθαι
1603 3689 1644 3760 τά

333 3792 422 3858 οίκοι
444 3794 597 3878 φυλακῆς
620 3787 696 3875 ἀξια
713 3787 818 3858 διὰ
782 3817 846 3877 την
861 3793 1109 3878 ἐπιμέλειαν
1067 3818 1128 3877 της
1144 3795 1322 3879 οἰκουρίας.
1344 3787 1423 3860 εί
1388 3818 1450 3878 γαρ
1467 3792 1499 3860 οί
1515 3787 1643 3871 πάντες

417 3976 463 4032 31
480 3976 533 4044 vgl.
554 3974 641 4028 Galen
659 3974 730 4029 nist.
749 3975 816 4045 phil.
835 3979 851 4032 9
870 3977 998 4044 (Doxogr.
1018 3995 1058 4046 gr.
1078 3977 1119 4030 ed.
1140 3975 1214 4030 Diels
1233 3993 1257 4045 p.
1271 3976 1344 4044 6656
1363 3975 1435 4030 Sext.
1457 3973 1535 4044 Emp.
1549 3975 1645 4044 Pyrrh.

332 4060 403 4130 Hyp.
422 4061 447 4112 ΙΙ
468 4061 518 4114 106
530 4077 568 4128 sq.
588 4089 620 4097 -
641 4059 724 4115 7—6.
752 4060 866 4116 14-16
894 4062 986 4130 chrys.
1006 4061 1048 4114 Fr.
1068 4079 1134 4116 mor.
1148 4061 1197 4115 ‘276
1210 4059 1306 4114 Arnim
1323 4089 1356 4100 -
1375 4059 1468 4115 6-14
1496 4059 1552 4128 vgl.
1572 4060 1644 4114 Plut.

333 4145 398 4198 Mor.
417 4163 442 4214 p.
463 4145 513 4198 100
531 4143 575 4197 Bc
593 4174 625 4183 -
646 4144 757 4200 16-21
779 4145 835 4214 vgl.
853 4147 930 4200 R6m.
950 4149 990 4212 13,
1009 4147 1041 4198 14
1060 4173 1091 4184 -
1110 4143 1268 4200 261P166.
1288 4147 1328 4210 11,
1347 4145 1380 4197 92

417 4295 433 4350 l
453 4292 591 4366 βάμματα
604 4293 633 4349 δε
645 4295 725 4349 Plato
739 4293 768 4351 δὲ
780 4293 916 4366 βάμματα
930 4295 951 4348 Ρ
966 4297 970 4361 Ι
987 4295 1006 4350 θ
1033 4293 1087 4362 τὰ)
1101 4295 1147 4348 Wi
1163 4297 1166 4362 Ι
1183 4293 1280 4349 αίτίιῖιν
1291 4295 1360 4349 ΡΜ*
1372 4292 1472 4350 αἰτιῶν
1484 4293 1524 4360 ΕΙ
1540 4295 1560 4349 4
1574 4290 1642 4350 ἀπο·

331 4377 499 4443 τελέσαντος
517 4379 547 4431 st
565 4375 795 4447 ἀποτελέσματος
814 4381 834 4432 Ρ
850 4380 854 4446 l
872 4380 909 4436 13
928 4378 970 4434 διὸ
990 4379 1012 4432 P
1028 4381 1031 4446 ί
1050 4381 1087 4434 16
1105 4387 1163 4435 τῶν
1181 4389 1214 4437 <
1233 4379 1253 4432 F
1273 4381 1276 4446 1
1297 4378 1370 4435 κατὰ
1393 4379 1481 4449 λόγον
1499 4377 1541 4432 Po
1558 4376 1642 4434 καττί-

331 4467 419 4531 λογον
437 4463 458 4516 Ρ
482 4465 487 4531 Ι
512 4465 550 4519 18
579 4459 810 4538 ἀπηρυθριακυίᾳ
829 4463 862 4516 Di
889 4459 1116 4534 ἀπηρεθρηκυίαι
1133 4462 1155 4515 P
1172 4465 1176 4530 Ι
1192 4459 1257 4518 οὐδὲ
1275 4461 1340 4530 1111
1358 4464 1397 4518 Ῑθ
1422 4462 1524 4526 τόποις
1542 4463 1582 4518 Ρο
1600 4462 1641 4518 τί·-

332 4567 396 4611 ποις
413 4547 434 4599 Ρ
451 4549 454 4614 Ι
471 4549 507 4603 27
529 4547 674 4616 φίγματος
692 4547 712 4600 F
735 4547 740 4614 Ι
763 4549 801 4603 29
821 4545 946 4618 φορυτόν
964 4549 990 4603 ίο
1010 4564 1057 4600 aus
1076 4567 1092 4601 ι·
1110 4565 1186 4614 τοτα,
1205 4547 1267 4602 vin
1285 4546 1358 4615 Rae.)
1376 4548 1411 4600 1³¹
1430 4546 1563 4618 φορυτόν
1581 4547 1617 4600 F*
1638 4547 1641 4612 ί

332 4633 396 4686 2³61
411 4627 620 4704 τρυφικέυτεραι
638 4632 658 4684 F
