3520 5480
580 391 707 448 Scholien
724 410 788 448 zum
803 393 993 466 Paedagogns.
1378 401 1438 464 333

213 565 283 639 222,
306 551 368 645 'lq‘
398 549 636 641 Ἂποκύλυφις]
669 552 689 644 ι]
718 553 880 630 Ἰωάννου
907 553 1135 644 Ἀποκόλυφις
1170 563 1233 628 τοῦ
1264 552 1442 644 θεολόχου.

131 657 202 724 P²F
203 659 238 724 M

215 749 483 842 ήΑποκᾶλυφις]
504 761 685 843 σημείωσαι
707 747 762 824 ότι
777 753 826 838 σός
839 760 1071 846 έχκεκριμένης
1092 761 1255 845 μέμνηται
1271 761 1332 846 τῆς
1345 751 1442 826 Ἀπο-

129 851 321 940 καλύφεως.
342 859 393 924 M³

92 980 109 1031 5
215 963 284 1032 222,
309 966 347 1024 14
369 950 609 1042 Σαρδιανικόν]
631 953 672 1026 τό
693 961 834 1041 βένετον
855 953 1049 1045 λεγόμενον.
1072 960 1175 1026 P2FM

214 1063 284 1136 222,
308 1063 346 1126 19
367 1059 547 1142 μυροβαφή
578 1059 705 1126 τοῦτον
737 1060 825 1142 λέχει
855 1055 909 1126 διὰ
940 1053 982 1126 τὸ
1012 1061 1050 1126 ἐκ
1074 1053 1202 1140 κρόκου
1223 1050 1442 1143 μολύνεσθαι·

131 1156 204 1224 ἔστι
225 1157 261 1222 δὲ
282 1147 421 1242 ύφασμα
442 1149 572 1225 λεπτόν
595 1181 631 1223 τε
653 1160 710 1223 καί
732 1150 970 1244 ἆραιόστημον.
991 1159 1098 1226 P²FM

216 1262 288 1336 223,
309 1263 348 1323 21
372 1255 537 1342 ἱματισμῷ
569 1251 747 1342 διαχρύσῳ]
777 1248 909 1342 Ἆρέθα·
952 1251 993 1326 ού
1023 1261 1099 1341 περὶ
1128 1256 1286 1342 ἱματικού
1314 1247 1444 1340 κόσμου

131 1351 290 1437 βούλεται
311 1357 469 1441 λέγεσθαι
492 1358 608 1435 ταῦτα,
640 1349 726 1424 ἀλλὰ
747 1361 824 1441 περὶ
851 1360 914 1425 τοῦ
936 1361 978 1442 τῇ
1001 1361 1091 1442 ψυχή
1112 1348 1387 1442 περιπεφυκότος
1409 1354 1446 1435 ἐξ

75 1473 111 1527 10
132 1449 267 1540 ἀρετῶν
289 1447 432 1540 κόσμου·
467 1459 524 1522 καὶ
546 1445 601 1523 ότι
623 1459 739 1536 τοῦτο,
763 1457 868 1541 δῆλον
889 1448 948 1540 ἀφ’
972 1445 1023 1524 τόν
1046 1477 1141 1542 φησι·
1186 1458 1295 1523 »πᾶσα
1318 1447 1339 1540 ἡ
1361 1445 1443 1536 δόξα

133 1558 196 1640 τῆς
216 1551 390 1640 θυγατρός
411 1557 475 1623 τοῦ
495 1557 659 1637 βασιλέως
681 1555 842 1623 ἔσωθεν(
866 1561 979 1624 καίτοι
1001 1559 1065 1624 τοῦ
1086 1553 1218 1638 ἔξωθεν
1239 1555 1294 1620 καὶ
1316 1544 1444 1636 δρωμέ-

134 1680 198 1723 νου
218 1655 398 1740 ἱματισμοῦ
419 1649 484 1740 τήν
506 1647 609 1738 δόξαν
630 1656 883 1741 έπισυρομένου,
906 1647 948 1723 ού
968 1658 1032 1724 τοῦ
1053 1648 1153 1734 έντός
1173 1679 1212 1722 τε
1232 1657 1290 1720 καὶ
1312 1655 1354 1736 τῇ
1370 1654 1443 1719 τῶν

134 1755 200 1838 ἔξω
220 1755 363 1840 ἐπιβολῇ
377 1747 623 1840 όδηλουμένου·
647 1755 810 1822 ἐντεῦθεν
830 1758 886 1822 καὶ
901 1771 975 1835 τοῖς
988 1771 1123 1841 χρυσοῖς
1136 1768 1347 1840 κροσσωτοῖς
1363 1771 1443 1836 φησι

134 1856 264 1923 τοῦτον
286 1848 449 1940 διάδηλον
470 1859 633 1940 γίνεσθαι,
655 1859 688 1922 τί
711 1856 815 1921 τοῦτο
838 1857 957 1940 λέγων,
979 1855 1007 1922 εί
1027 1851 1072 1943 μή
1095 1849 1160 1940 τήν
1181 1852 1345 1937 ἔκφανσιν
1367 1845 1444 1918 τού

79 1971 114 2023 15
134 1979 219 2034 των,
243 1943 301 2021 ὅτε
323 1949 364 2040 δή
386 1957 441 2021 καί
464 1957 609 2040 γένοιτο,
632 1956 908 2039 τιμαλφέστατον
922 1943 982 2022 ύτε
996 1949 1120 2040 χρυσόν
1133 1954 1355 2039 χρηματίζειν,
1379 1947 1445 2035 τήν

134 2053 299 2138 ἔκφανσιν
321 2051 375 2121 διὰ
397 2056 461 2121 τοῦ
481 2056 628 2138 κροσσοῦ
649 2056 840 2136 παριστῶν·
881 2047 1143 2140 ἇκροτελεύτιον
1168 2048 1231 2137 γὰρ
1253 2042 1273 2118 ό
1295 2043 1445 2134 κροσσός.

133 2153 243 2220 P²FM

218 2258 289 2330 223,
310 2259 350 2321 28
373 2252 407 2318 αἱ
429 2255 475 2335 δὲ]
500 2245 573 2320 ἀλλ’
596 2245 637 2319 ού
658 2249 700 2321 τό
722 2245 866 2338 μόνιμον
887 2247 1154 2339 μεταδιώκουσαι
1181 2253 1287 2320 τοῦτο
1310 2253 1445 2336 δρῶσιν.

136 2344 224 2420 ἀλλὰ
246 2345 287 2418 τό
309 2347 465 2438 λαμπρόν
487 2355 542 2419 καί
565 2349 743 2438 ἐπαγωγὸν
764 2347 927 2440 καὶπρὸς
958 2345 1157 2435 ἀλαζονείαν
1179 2343 1370 2420 ἀποκλῖνον
1391 2354 1447 2418 καὶ

80 2471 117 2524 20
136 2455 266 2536 τέρψιν.
289 2451 314 2515 Ρ
320 2453 393 2518 ²FM

220 2557 289 2633 224,
311 2558 330 2618 2
353 2555 507 2634 ξυστίδας
537 2554 593 2618 καὶ
626 2546 688 2630 τὰς
709 2551 909 2635 ἐφαπτίδας]
943 2545 1046 2639 ήμὶν
1076 2554 1188 2632 ξυστὶς
1210 2543 1346 2636 ἱμότιον
1368 2558 1448 2635 λαμ-

136 2643 237 2734 πρόν,
260 2647 390 2719 λεπτόν
410 2642 511 2728 πάνυ,
534 2645 624 2737 παρὸ
643 2655 699 2716 καὶ
722 2657 834 2734 ξυστὶς
856 2653 985 2738 εἴρηται
1007 2647 1098 2738 παρὰ
1120 2645 1162 2718 τό
1185 2650 1291 2718 οἱονεὶ
1313 2650 1448 2732 ἐξέσθαι

138 2753 182 2834 τῇ
204 2743 404 2836 λεπτότητι·
426 2743 447 2836 ή
468 2751 504 2816 δὲ
526 2751 671 2833 ἱφαπτὶς
693 2744 822 2819 ταύτόν
842 2753 904 2833 μὲν
926 2756 968 2836 τῇ
989 2756 1110 2836 χλαίνῃ
1125 2743 1371 2834 (περιβλήματα
1386 2745 1448 2833 γὰρ

137 2845 243 2937 ἄμφω
265 2846 446 2935 μανδυαόδη
469 2852 524 2918 ἐπὶ
542 2866 613 2928 τοῖς
626 2851 772 2937 ἱματίοις
787 2842 1066 2936 όναβαλλόμενα),
1089 2850 1360 2932 πολυτελεστέρα
1373 2849 1449 2932 μέν·

83 2967 118 3020 25
138 2976 195 3018 τοι
216 2943 237 3035 ή
260 2951 405 3032 ἐφαπτὶς
427 2951 488 3035 τῆς
509 2953 655 3035 χλαίνης.
677 2950 747 3016 P²F
748 2951 782 3015 M

221 3055 291 3129 224,
313 3057 332 3118 6
355 3044 420 3135 τὴν
446 3052 632 3136 σκέπην..
653 3050 893 3135 .παρεμέτρει]
925 3044 1002 3118 όντὶ
1028 3063 1198 3134 παρεῖχεν·
1241 3045 1345 3114 οἱονεὶ
1373 3041 1450 3132 σύμ·

138 3173 265 3234 μετρον
286 3143 351 3235 τήν
372 3153 487 3233 χρείαν
507 3151 733 3235 παρέχουσαν.
754 3151 859 3217 P²FM

222 3256 291 3328 224,
312 3255 331 3316 9
354 3250 472 3334 τρίχες]
507 3239 561 3316 ότι
583 3254 746 3334 τριχίνοις
778 3244 943 3335 ἐσθήμασι
963 3245 1132 3337 χρεόμενοι
1154 3261 1227 3326 ταῖς
1248 3253 1372 3330 βαφαῖς
1394 3238 1450 3332 μό·

138 3375 221 3430 ναις,
245 3342 293 3427 σός
314 3347 433 3428 ἔοικεν,
456 3343 665 3432 ἐνετρύφων.
686 3351 738 3414 M²

85 3472 122 3526 30
222 3455 292 3530 224,
315 3455 354 3516 27
377 3442 490 3531 σύρειν
520 3443 582 3529 τὰς
612 3451 770 3536 ἐσθῆτας]
803 3443 851 3530 αἱς
882 3448 914 3518 οἱ
943 3443 1129 3536 μεμηνότες
1156 3451 1218 3515 νῦν
1241 3433 1451 3526 Νικολαὶται,

139 3543 246 3618 αύτόν
267 3543 331 3616 τόν
354 3548 584 3632 κακοδαίμονα
605 3544 826 3635 καθηγεμόνα
847 3545 1054 3637 μιμούμενοι.
1075 3549 1180 3614 P²FM

222 3643 287 3715 τόν
307 3640 520 3733 πατριάρχην
542 3651 630 3734 λέγει
654 3645 831 3718 Νικόλαον
852 3656 906 3717 καὶ
930 3646 1010 3729 τούς
1032 3643 1138 3718 αὐτοῦ
1160 3643 1377 3732 ἀνθρώπους.
1401 3647 1452 3710 M²

222 3755 292 3829 225,
314 3756 333 3815 4
354 3742 421 3813 κᾶν
442 3743 506 3846 τόν
527 3743 672 3836 ποδήρη]
696 3745 759 3818 τόν
781 3743 953 3836 ἱερατικόν
975 3770 1057 3836 φησι
1079 3744 1142 3816 τὸν
1157 3750 1220 3816 τοῦ
1236 3739 1354 3832 νόμου.
1377 3737 1450 3813 ἀλλ’

141 3837 159 3914 ό
181 3849 243 3933 μὶν
264 3841 435 3932 σύμβολον
447 3847 492 3931 ἡν
505 3845 683 3934 μυστικόν·
705 3845 829 3937 ἐδήλου
842 3845 915 3935 γάρ,
938 3849 1039 3936 οἶμαι,
1061 3851 1165 3936 μηδὲν
1180 3847 1350 3931 συμφανὲς
1365 3842 1451 3911 είυαι

86 3969 123 4020 35
141 3961 214 4026 τοῖς
235 3939 389 4031 βεβήλοις
411 3950 485 4014 τῶν
506 3952 558 4034 τῷ
580 3955 667 4036 θείῳ
689 3943 746 4018 ὑπ’
769 3943 887 4019 αύτῶν
907 3943 1159 4036 ὀργιαζομένων
1180 3941 1300 4032 χρεών,
1324 3945 1354 4011 εἱ
1366 3968 1401 4028 χε
1419 3941 1451 4008 οἱ

140 4041 244 4125 πόδες
265 4047 418 4128 διέξοδον
439 4046 652 4118 αἰνίττονται
674 4045 842 4136 πράξεως·
885 4047 974 4120 καθὸ
1004 4055 1060 4116 καί
1084 4049 1185 4117 Δαυὶδ
1216 4047 1450 4130 έπιτηρεῖσθαι

140 4139 219 4232 ήτοι
241 4139 476 4228 φυλάττεσθαι
498 4143 563 4233 τήν
585 4153 738 4238 πτέρναν
768 4144 835 4220 ύπό
859 4154 932 4221 τῶν
952 4151 1117 4236 πονηρῶν
1138 4149 1316 4230 παροίκων
1338 4145 1452 4225 φησίν,

228 4328 291 4385 1θὶ
306 4327 379 4386 Ρεαὶ.
397 4333 438 4396 44,
458 4335 491 4388 14

228 4497 242 4550 ἱ
263 4489 382 4567 ύφασμα
399 4518 435 4548 ω
452 4501 525 4554 nach
544 4497 739 4574 ἀραιδστημον
758 4504 779 4556 F
803 4505 807 4572 ]
832 4499 1039 4572 ἆραιδστημον]
1058 4495 1240 4572 ἁρεοστημον
1260 4491 1301 4546 M²
1318 4488 1453 4562 ἅρεοστή-

144 4599 236 4650 μονον
252 4580 355 4636 ΡΨΜ*
371 4587 375 4642 Ι
392 4585 430 4640 15
448 4585 491 4655 οη]
510 4585 540 4642 οῖ
558 4587 579 4640 F
594 4593 599 4656 ι
615 4586 655 4644 τε
672 4591 787 4644 amon
806 4587 842 4642 1³²
