3520 5498
515 481 696 553 Paedagogus
713 483 734 536 1.
753 482 818 553 Cap.
836 481 895 538 VII.
913 485 955 548 57,
972 485 1065 554 3-60,
1083 488 1107 543 3.
1408 497 1465 558 125

146 653 249 720 δὲκαὶ
261 652 328 737 νέῳ
339 651 412 735 λαῷ
422 645 522 736 καινή
532 652 589 716 καὶ
600 650 658 716 νέα
673 642 820 736 διαθήκη
836 645 1023 736 δεδώρηται
1033 653 1089 718 καί
1104 642 1123 720 ὁ
1138 645 1240 737 λόγος
1250 649 1365 740 (σὰρξ)
1376 657 1463 740 γεγέ-

148 775 252 837 νηται
261 741 347 819 καίδ
362 741 525 832 φόβοςείς
534 740 671 835 ἀγάπην
682 751 955 833 μετατέτραπται
965 755 1020 818 καλ
1033 741 1220 835 ὁμοστικὸς
1231 751 1358 832 ἐκεῖνος
1368 749 1462 840 ἄγγε-

147 859 209 930 λος
217 845 341 937 Ἰησοῦς
350 853 511 917 τίκτεται.
533 839 552 916 ῦ
567 844 630 934 γὰρ
640 841 742 926 αῦτὸς
757 836 859 927 οὗτος
868 843 1177 936 παιδαγωγὸςτότε
1185 854 1247 937 μέν
1258 847 1460 940 »φοβηθήση
1478 866 1495 920 2

146 941 1461 1039 κῦριοντὸνθεὸνιἔλεγεν,ῆμῖνδὲ»ἇγαπήσειςκῦριοντὸνθεὸνσουιπαρήνε-

111 1061 128 1114 5
147 1073 217 1120 σεν.
246 1047 302 1118 διὰ
322 1052 429 1118 τοῦτο
445 1051 500 1116 καὶ
515 1050 711 1117 ἐντέλλεται
725 1041 805 1135 ἡμῖν
821 1043 1017 1119 »παύσασθε
1032 1043 1101 1119 ἀπὸ
1115 1054 1191 1119 τῶν
1206 1051 1314 1138 ἐργων
1333 1045 1461 1137 ῦμιῦνι,

147 1155 225 1218 τῶν
246 1153 407 1218 παλαιῶν
424 1141 609 1235 ἁμαρτιῶν,
633 1141 780 1234 »μάθετε
802 1145 910 1217 καλὸν
930 1163 1056 1218 ποιεῖν·
1086 1147 1243 1220 ἔκκλινσν
1265 1145 1334 1220 ἀπὸ
1355 1155 1463 1222 κακοῦ

146 1255 206 1318 καί
222 1255 368 1336 ποίησον
382 1241 530 1334 ἀγαθόν·
552 1239 727 1334 ῆγιίπησας
743 1244 968 1334 δικαιοσύνην,
991 1249 1147 1336 ἐμίσησας
1166 1243 1337 1335 ἇνομίανπ
1377 1243 1464 1338 αῦτη

148 1375 216 1436 μου
237 1342 259 1436 ή
282 1352 342 1417 νέα
365 1342 511 1434 διαθήκη
534 1350 670 1434 παλαιῷ
685 1350 913 1434 κεχαραγμένη
929 1342 1105 1436 γράμματι.
1142 1344 1205 1419 οῦκ
1220 1346 1285 1434 ἄρα
1305 1344 1463 1438 ῆνεότης

148 1453 215 1519 τοῦ
237 1442 341 1536 λόγου
363 1441 558 1517 σ’νειδιστέα.
601 1440 764 1516 ἀλλὰκαὶ
786 1447 824 1514 ἐν
845 1451 897 1534 τῷ
918 1440 1053 1538 Ἱερεμίᾳ
1076 1441 1095 1518 o‘
1117 1445 1232 1537 κῦριος
1254 1453 1354 1536 λέγει·
1400 1447 1462 1538 »μὴ
1480 1464 1497 1519 3

96 1559 131 1614 10
150 1552 226 1636 λέγε
249 1540 304 1618 ὅτι
327 1540 495 1634 νεώτερός
516 1547 592 1634 εἰμι·
635 1541 702 1632 πρὸ
725 1549 788 1616 τοῦ
809 1571 849 1634 με
870 1541 999 1616 πλάσαι
1031 1568 1066 1616 σε
1089 1550 1127 1617 ἐν
1148 1554 1262 1639 κοιλίᾳ
1284 1552 1464 1637 ἐπίσταμαί

149 1671 201 1730 σε,
229 1653 285 1717 καὶ
315 1641 382 1734 πρὸ
413 1650 476 1716 τοῦ
498 1667 533 1714 σε
555 1646 704 1730 ἐξελθεῖν
726 1647 764 1714 ἐκ
784 1641 914 1734 μήτρας
936 1639 1057 1734 ῆγίακὰ
1080 1668 1142 1716 σει
1188 1653 1298 1718 ταῦτα
1320 1645 1463 1720 δύναται

148 1745 237 1836 πρὸς
259 1741 344 1836 ἡμᾶς
365 1740 386 1834 ῆ
407 1752 601 1834 προφητεία
622 1747 834 1815 αἰνίττεσθαι
860 1743 943 1826 τοῦς
964 1742 1031 1834 πρὸ
1052 1751 1246 1836 καταβολῆς
1266 1744 1395 1836 κόσμον
1416 1753 1463 1830 είς

148 1855 268 1918 πίστιν
288 1848 521 1934 ἐγνωσμένους
541 1849 625 1933 θεῷ,
648 1849 722 1915 νυνὶ
745 1849 780 1914 δὲ
802 1848 947 1932 νηπίους
968 1844 1023 1916 διὰ
1046 1843 1111 1934 τήν
1128 1848 1267 1936 έναγχος
1281 1859 1462 1936 πεπληρω-

147 1951 256 2036 μένην
286 1943 449 2034 βοῦλησιν
479 1949 543 2016 τοῦ
572 1949 667 2029 θεοῦ,
697 1940 789 2015 καθὸ
821 1948 868 2026 είς
897 1948 1020 2033 κλῆσιν
1049 1950 1106 2015 καὶ
1129 1954 1305 2036 σωτηρίαν
1328 1953 1460 2035 νεογνσί

95 2059 129 2112 15
149 2042 342 2135 γεγόναμεν.
385 2043 438 2115 διὸ
468 2052 525 2116 καὶ
545 2047 698 2133 ἐπιφέρει
721 2039 924 2132 »προφήτην
947 2048 993 2128 είς
1014 2045 1100 2132 ἐθνη
1122 2043 1261 2118 τέθεικά
1283 2068 1348 2130 σει,
1379 2071 1460 2131 προ·
1477 2063 1545 2129 60,1

150 2149 317 2233 φητεῦσαι
339 2149 449 2234 λέγων
471 2140 578 2217 αῦτὸν
600 2149 670 2216 δεῖν
699 2148 783 2232 μηδὲ
805 2135 936 2226 ὄνειδος
957 2143 1043 2214 εἶναι
1065 2149 1179 2216 δοκεῖν
1200 2151 1264 2218 τοῦ
1289 2149 1461 2233 νεωτέρου

150 2243 217 2333 τῆν
238 2249 470 2334 προσηγορίαν
501 2261 574 2326 τοῖς
595 2250 730 2332 νηπίοις
751 2251 984 2332 καλουμένοις.
1026 2237 1046 2315 ὁ
1068 2248 1104 2316 δὲ
1125 2242 1230 2334 νόμος
1250 2242 1346 2334 χάρις
1367 2250 1459 2316 ἐστίν

149 2342 280 2416 παλαιὰ
301 2341 356 2414 διὰ
375 2351 380 2426 Ι
399 2351 553 2426 Μωσέως
570 2339 638 2413 ῦπῦ
660 2348 723 2413 τοῦ
738 2340 843 2430 λόγου
857 2347 1005 2414 δοθεῖσα.
1039 2343 1091 2416 διὸ
1107 2352 1164 2415 καί
1179 2367 1283 2435 φησιν
1298 2340 1319 2435 ῆ
1334 2340 1459 2436 γραφή·
1478 2352 1562 2410 134Ρ

153 2437 192 2515 »ὁ
214 2438 318 2531 νόμος
339 2441 394 2514 διὰ
416 2448 568 2526 Μωσέως
590 2437 712 2530 ἐδόθη(
736 2438 823 2531 (οῦχλ
844 2438 912 2514 ῦπὸ
929 2448 1091 2528 Μωσέως,
1113 2440 1202 2516 ἀλλὰ
1222 2443 1291 2517 ῦπὸ
1313 2449 1375 2533 μὲν
1398 2449 1461 2515 τοῦ

95 2558 131 2612 20
151 2540 270 2632 λόγον,
301 2541 357 2614 διὰ
378 2547 531 2625 Μωσέως
553 2548 589 2613 δέ
613 2547 677 2613 τοῦ
698 2538 917 2631 θεράποντος
939 2537 1058 2613 αῦτσῦ·
1101 2542 1231 2616 διὸκαὶ
1254 2541 1460 2634 πρόσκαιρος

149 2647 305 2732 ἐγένετο),
337 2637 376 2732 »ή
399 2647 434 2713 δέ
456 2637 562 2724 ἇίδιος
590 2637 684 2730 χάρις
714 2649 770 2713 καί
801 2637 821 2732 ή
845 2637 991 2731 ἀλήθεια
1013 2641 1068 2714 διὰ
1088 2638 1193 2733 Ἰησοῦ
1221 2649 1372 2734 Χριστοῦ
1394 2648 1459 2732 ἐγέ-

150 2770 257 2814 νετο(
303 2736 407 2831 δρᾶτε
436 2740 498 2824 τὰς
528 2747 633 2828 λέξεις
663 2747 725 2831 τῆς
746 2747 890 2832 γραφῆς·
933 2745 988 2814 ἐπὶ
1015 2748 1076 2831 μὲν
1097 2748 1162 2814 τοῦ
1183 2738 1290 2830 νόμου
1315 2739 1492 2832 »ἐδόθηι2

150 2849 231 2933 φησί
252 2838 370 2932 μόνον,
395 2837 435 2931 »ἡ
456 2846 492 2912 δὲ
514 2838 688 2932 ἇλήθειαι,
708 2839 805 2932 χάρις
827 2834 910 2914 οῦσα
932 2847 996 2916 τοῦ
1016 2838 1159 2929 πατρός,
1183 2845 1283 2932 ἔργον
1303 2847 1374 2913 ἐστὶ
1395 2849 1459 2914 τοῦ

151 2941 256 3032 λόγον
277 2941 420 3014 αίῷνιον
440 2947 494 3012 καί
517 2937 632 3014 οῦκέτι
646 2946 802 3012 δίδοσθαι
817 2945 959 3030 λέγεται,
983 2937 1070 3013 ἄλλα
1090 2940 1162 3014 »διὰ
1177 2937 1282 3031 Ἰησοῦ
1296 2949 1458 3029 γίνεσθαι,
1649 2949 1691 3024 2*

97 3055 132 3110 25
151 3035 192 3116 οῦ
213 3048 319 3132 χωρίς
339 3047 473 3132 ἐγένετο
495 3037 574 3114 οῦδὲ
596 3043 662 3113 ἐνι.
705 3037 826 3113 αῦτίκα
846 3047 932 3132 γοῦν
954 3036 973 3113 ὁ
997 3046 1138 3131 Μωσῆς,
1162 3049 1213 3132 τῷ
1236 3049 1356 3131 τελείῳ
1379 3069 1460 3130 προ·
1623 3033 1634 3046 ’

152 3149 308 3232 φητικσῦς
337 3148 555 3232 παραχωρῶν
583 3146 792 3232 παιδαγωγῷ
824 3149 875 3231 τῷ
907 3137 1015 3231 λόγῳ,
1045 3139 1165 3212 καὶτὸ
1189 3133 1297 3229 ὄνομα
1317 3145 1373 3210 καὶ
1394 3137 1460 3230 τῆν

149 3248 384 3334 παιδαγωγίαν
404 3249 627 3330 προθεσπίζει
652 3249 707 3312 καὶ
730 3249 781 3334 τῷ
804 3249 877 3331 λαῷ
900 3247 1129 3331 παρατίθεται
1152 3237 1214 3311 τὸν
1235 3236 1461 3330 παιδαγωγόν,

151 3342 294 3426 ἐντολὰς
315 3339 467 3432 ῦπακσῆς
488 3346 682 3432 ἐγχειρίσας·
728 3339 930 3432 »προφήτην
951 3337 1030 3428 ῦμῖν
1050 3334 1260 3428 ἀναστήσειν,
1284 3345 1396 3426 φησίν,
1422 3335 1459 3411 »ὁ
1477 3357 1493 3411 3

151 3440 233 3525 θεὸς
263 3441 312 3526 οῦς
341 3447 396 3531 ἐμὲ
424 3447 463 3513 ἐκ
492 3448 566 3512 τῶν
596 3438 758 3529 ἀδελφῶν
788 3437 915 3529 ῦμῶνι,
947 3439 1012 3512 τὸν
1033 3434 1158 3529 Ἰησοῦν
1180 3437 1244 3512 τὸν
1267 3445 1329 3512 τοῦ
1353 3445 1459 3530 Ναυῆ,

98 3561 133 3615 30
152 3538 472 3632 αἰνιττόμενοςτὸν
492 3537 618 3631 Ἰησοῦν
639 3541 703 3614 τὸν
725 3548 787 3614 τοῦ
803 3546 890 3613 θεοῦ
904 3536 993 3611 υἱόν·
1023 3547 1227 3630 σκιαγραφία
1249 3539 1312 3630 γὰρ
1334 3531 1378 3630 ῆν
1399 3547 1462 3613 τοῦ

237 3666 253 3720 l
272 3663 328 3734 vgl.
341 3663 402 3718 Joh.
415 3665 438 3728 1,
451 3665 485 3718 14
501 3694 535 3702 -
553 3664 592 3721 31
607 3663 686 3719 Ῑίθῑιίί.
699 3665 724 3732 6,
736 3664 753 3718 2
765 3663 827 3718 -4
843 3662 997 3728 2111111122,
1010 3664 1056 3726 37;
1074 3661 1162 3716 Mark.
1177 3661 1216 3728 12,
1229 3663 1274 3724 30;
1293 3661 1362 3716 Luk.
1375 3663 1416 3729 10,
1429 3663 1461 3716 27

151 3748 241 3818 (Dent
258 3749 283 3816 6,
295 3749 321 3817 5)
338 3777 372 3788 -
389 3749 460 3805 6-7
481 3749 684 3814 Jeu.1,16.17;
702 3748 828 3811 Ροε133,
843 3751 886 3808 15;
904 3748 976 3810 418
993 3776 1027 3784 -
1043 3747 1150 3803 2-11.
1164 3745 1201 3802 15
1215 3746 1314 3802 Jerem.
1328 3751 1351 3812 1,
1365 3749 1388 3802 7.
1400 3749 1417 3802 5
1430 3777 1462 3786 -

153 3837 191 3892 12
204 3834 260 3904 vgl.
273 3833 371 3904 Ephes.
385 3838 409 3901 1,
421 3837 480 3890 4-
491 3835 526 3890 17
549 3828 747 3902 ὂδένίμσς-
758 3832 797 3888 25
808 3829 873 3888 οὐδὲ
882 3827 913 3887 ἓν
922 3831 1085 3886 Νἰοείοεοεί»
1095 3849 1129 3886 zu
1138 3831 1200 3886 Joh
1210 3831 1245 3900 (1,
1255 3835 1298 3898 17)
1316 3831 1345 3886 in
1354 3830 1462 3888 Μοοαο.

150 3921 201 3976 437
219 3937 244 3991 p·
262 3922 310 3983 87;
328 3919 436 3975 Monac.
455 3919 487 3974 37
505 3920 524 3973 f.
542 3920 604 3975 29v.
638 3920 806 3988 κλημεντσς·
828 3907 912 3973 καίῦ
935 3916 988 3984 μὲν
1016 3915 1105 3985 νδμος
1120 3913 1204 3988 χάρις
1221 3909 1263 3970 ὢν
1282 3913 1390 3972 παλαιὰ
1407 3911 1463 3971 ῦπδ

151 4004 306 4074 τοῦλόγου
323 4002 368 4060 διὰ
381 4001 507 4069 Μωσέως
524 4009 576 4062 τοῦ
593 3999 775 4074 θεράποντος
793 3999 884 4058 αὐτοῦ
900 3996 997 4070 ἐδόθη,
1015 3999 1058 4055 διδ
1076 4003 1126 4056 καί
1143 3999 1320 4073 πρόσκαιρος
1337 3998 1463 4070 ἐγένετο·

153 4089 168 4158 η
187 4088 217 4146 δὲ
234 4085 325 4155 ἀίδιος
340 4087 422 4160 χάρις
438 4091 488 4144 καί
505 4089 521 4158 ἡ
540 4085 660 4159 ἀλήθεια
683 4083 770 4160 ἔργον
793 4084 871 4143 ἐστίν
888 4088 942 4141 τοῦ
964 4085 1052 4153 λόγον
1070 4081 1197 4151 αἰώνιον,
1214 4087 1264 4140 καί
1282 4082 1375 4140 οῦκέτι
1392 4085 1463 4140 δίδο-

153 4175 222 4228 σθαι
244 4171 367 4244 λέγεται,
389 4171 460 4230 ἀλλὰ
482 4175 527 4230 διὰ
549 4170 640 4244 ’ίησοῦ
662 4175 791 4244 Χριστοῦ
813 4173 956 4242 γίνεσθαι,
984 4159 1019 4224 σί»
1040 4171 1128 4241 χωρίς
1149 4167 1262 4240 ἐγένετο
1289 4163 1353 4224 οῦδὲ
1375 4163 1407 4225 έν
1430 4199 1464 4208 -

155 4257 269 4315 12-22
288 4257 349 4314 Joh.
368 4262 392 4323 1,
411 4261 442 4313 17
459 4289 494 4299 -
512 4261 650 4316 241101».
669 4263 692 4326 1,
711 4261 728 4315 3
746 4289 779 4300 —
797 4258 858 4316 281
880 4274 907 4310 u.
926 4256 952 4313 S.
972 4255 1038 4318 126,
1058 4255 1099 4310 21
1123 4254 1202 4309 Dent.
1223 4255 1263 4318 18,
1283 4254 1323 4310 15.
1344 4255 1389 4317 19;
1407 4253 1463 4324 vgl.

153 4345 213 4398 Act.
232 4345 255 4412 3,
273 4345 336 4408 22st
355 4347 377 4408 7,
395 4345 428 4399 37

239 4447 255 4500 l
275 4442 291 4500 δ
310 4445 425 4515 (νδμσς1
443 4445 529 4516 λδγσς
546 4467 606 4520 γεγ.
624 4449 690 4520 (vgl.
710 4450 735 4503 S.
755 4445 972 4515 110,1ff)Schw
989 4445 992 4512 Ι
1009 4441 1106 4513 (σὰρξ)
1121 4439 1268 4495 Markland
1281 4432 1463 4510 (ἄνθρωπος)

153 4529 201 4583 Ma
215 4531 220 4596 Ι
236 4531 273 4584 12
285 4529 359 4598 ἡμᾶς
372 4526 594 4604 (ἀναφέρεσθαν
612 4537 694 4590 δοκεῖ
701 4531 757 4606 γὰρ
770 4533 857 4603 ημᾶς)
871 4532 950 4586 Schw
965 4531 971 4598 Ι
988 4531 1025 4585 16
1036 4525 1106 4596 μηδὲ
1119 4525 1208 4595 Ηογοε
1219 4526 1258 4593 μή
1272 4524 1321 4578 FM
1337 4525 1341 4592 Ι
1356 4523 1391 4580 21
1406 4519 1463 4592 ἐγέ·

155 4631 219 4669 νετο
238 4615 296 4669 eat
315 4612 423 4685 ἐγένετο
441 4617 626 4688 mmm
644 4621 702 4675 cat.
721 4619 738 4689 ἡ
757 4618 787 4676 δὲ
805 4621 821 4690 ἡ
840 4619 869 4673 11
893 4620 898 4685 Ι
922 4619 961 4673 22
979 4613 1068 4680 λέξεις
1086 4614 1122 4682 (ει
1139 4611 1168 4666 in
1186 4610 1260 4679 Bas.)
1278 4607 1396 4676 M¹lfl⁰
1413 4604 1464 4661 τδν

156 4691 271 4769 Ἰησοῦν]
288 4698 332 4756 διὰ
350 4698 403 4756 τδν
416 4695 522 4772 Ἰησοῦν
540 4706 562 4759 Γ
