3520 5480
893 432 1026 486 Clemens.

514 593 664 682 βλάστην
686 601 852 682 τρυχῶσα,
874 593 1021 684 χρηστόν
1043 599 1079 666 ἐκ
1102 601 1252 684 σίμβλων
1274 592 1393 676 πόνον,

515 693 622 784 κηρὸν
645 697 761 766 δίδωσι
784 694 847 766 τόν
869 694 995 782 γλυκὺν
1017 701 1067 783 τῶ
1090 690 1276 780 προστάτῃ.

514 800 543 864 εἰ
564 802 620 864 καὶ
641 794 762 883 βραχὺς
785 791 816 866 δ’
839 795 905 881 έγῶ
929 823 989 876 τις,
1014 800 1147 883 οἰκέτης
1169 822 1205 882 χε
1227 789 1295 874 σός·

514 899 564 962 δεῖ
583 891 646 982 γάρ
668 919 704 964 σε
726 914 798 977 τοῖς
821 913 891 976 σοῖς
914 891 1065 981 εὐλογεῖν
1088 901 1324 981 θεσπίσμασιν·

514 991 598 1078 ἅναξ
618 1001 756 1080 βροτῶν
777 1000 918 1082 μέγιστε,
942 1001 1016 1064 τῶν
1038 1001 1155 1063 καλῶν
1176 988 1290 1081 δοτὴρ,

513 1095 650 1163 ἐσθλῶν
671 1101 791 1184 χορηχὲ
813 1099 868 1164 καὶ
893 1093 933 1164 τό
956 1100 1026 1166 πᾶν
1047 1101 1164 1175 κτίσας
1186 1087 1303 1177 πάτερ,

514 1184 551 1271 ός
573 1187 721 1280 οόρανόν
744 1222 780 1264 τε
802 1200 857 1264 καὶ
881 1191 945 1263 τόν
966 1189 1113 1280 οὐρανοῦ
1134 1189 1239 1278 μόνος

511 1287 639 1380 κόσμον
661 1299 826 1375 τέθεικας,
848 1288 994 1381 άρμόσας
1017 1299 1102 1381 θείῳ
1125 1287 1229 1380 λόγῳ·

512 1393 636 1476 ἔδειξας
658 1388 762 1474 αότός
783 1388 909 1480 ἡμέραν
932 1419 969 1462 τε
990 1397 1045 1461 καὶ
1068 1389 1155 1478 φάος

511 1497 566 1558 καὶ
587 1489 652 1561 τόν
673 1497 839 1564 πολοῦσιν
861 1490 968 1579 ἄστρα
991 1496 1137 1581 νημερτῆ
1161 1487 1297 1579 δρόμον,

511 1589 618 1660 εἰπῶν
640 1587 687 1675 θ’,
711 1584 791 1662 όποι
813 1597 854 1680 γῆ
875 1600 931 1662 καὶ
953 1588 1109 1663 θάλασσα
1130 1597 1323 1679 προσμένοι,

511 1697 655 1778 τροπῶν
677 1719 715 1760 τε
736 1690 857 1778 καιρόν
880 1687 1049 1779 εόστόχοις
1071 1687 1173 1778 δήσας
1194 1689 1318 1778 κύκλῳ,
1338 1695 1342 1775 Ι

512 1791 571 1876 έαρ
594 1818 630 1859 τε
653 1797 708 1859 καὶ
728 1797 877 1878 χειμῶνα
898 1797 952 1860 καὶ
975 1797 1078 1877 θέρος
1099 1787 1202 1861 πάλιν

511 1894 574 1958 τοῦ
597 1917 632 1959 τε
654 1889 858 1978 μετοπώρου
881 1887 976 1975 τάξιν
998 1891 1244 1977 ἐξηρασμένην,

511 1981 594 2059 όλσν
616 2018 653 2059 τε
676 1985 804 2078 κόσμον
818 1994 853 2074 ἐξ
875 1986 1035 2076 άκοσμίας
1056 1997 1172 2069 κτίσεις

510 2081 591 2174 όλης
614 2083 779 2176 άμόρφου,
803 2085 880 2160 τόδε
903 2088 944 2160 τό
967 2095 1038 2160 πᾶν
1059 2085 1271 2176 κατήρτισας,

510 2183 613 2268 αότός
635 2185 717 2277 ζοὴν
740 2217 776 2258 τε
798 2195 852 2259 καὶ
874 2195 988 2270 καλῶς
1010 2184 1061 2260 άεὶ
1083 2194 1178 2273 βιοῦν

509 2283 606 2374 χάριν
629 2314 664 2356 τε
688 2287 751 2376 τὴν
773 2287 838 2376 σὴν
860 2284 1022 2374 άσφαλῶς
1043 2286 1195 2376 πάρασχέ
1214 2317 1271 2376 μοι

509 2404 622 2456 ποιεῖν
645 2413 681 2455 τε
704 2383 765 2467 τάς
785 2385 844 2469 σάς
865 2395 921 2457 καὶ
943 2393 1052 2476 λέγειν
1074 2396 1168 2470 θείας
1191 2382 1330 2476 γραφάς,
1433 2463 1438 2470 ,

508 2489 614 2554 αἰνεῖν
637 2481 687 2555 dez
709 2491 744 2554 σὲ
766 2493 821 2556 καὶ
844 2485 907 2558 τόν
929 2492 965 2558 έκ
988 2493 1048 2557 σοῦ
1066 2484 1258 2573 πάνσοφον,

508 2582 572 2654 τόν
594 2590 646 2654 σοὶ
669 2583 817 2656 συνόντα
839 2593 894 2656 καὶ
916 2583 1071 2674 παρόντα
1094 2593 1145 2656 σοὶ
1169 2582 1281 2674 λόχον.

508 2681 551 2772 μή
575 2713 632 2773 μοι
654 2688 690 2753 δὲ
711 2691 833 2754 πενίαν
855 2691 934 2774 μηδὲ
956 2684 1023 2774 μὴν
1045 2692 1198 2757 πλοῦτον
1221 2691 1322 2763 δίδου,

509 2781 605 2868 τάξιν
627 2789 662 2853 δὲ
685 2790 746 2854 τοῦ
769 2789 907 2868 δέοντος
929 2781 1211 2874 αὐταρκεστάτην,

506 2880 623 2969 πάτερ,
646 2880 823 2970 παράσχου
845 2891 900 2954 καὶ
922 2883 1030 2956 καλόν
1051 2891 1127 2970 βίου
1147 2891 1254 2966 τέλος.

384 3053 420 3106 15
440 3053 494 3119 vgl.
515 3051 585 3107 Hiob
604 3053 645 3116 38,
665 3057 709 3114 11;
728 3053 826 3107 Jerem.
845 3056 869 3119 5,
887 3055 920 3108 22
939 3085 971 3093 -
989 3055 1054 3110 261
1078 3056 1133 3122 vgl.
1153 3055 1231 3110 Prov.
1253 3055 1294 3120 24,
1315 3059 1346 3110 31
1367 3059 1490 3111 πλοῦτον
1508 3055 1538 3112 δὲ
1555 3059 1602 3111 καί

296 3137 396 3190 πενίαν
413 3137 452 3203 μὴ
471 3155 522 3202 μοι
540 3139 600 3206 δῷς,
620 3135 759 3204 σύνταξον
777 3136 807 3192 δέ
824 3156 874 3205 μοι
892 3139 927 3194 τό
945 3137 1045 3194 δέοντα
1064 3142 1112 3194 καὶ
1130 3137 1164 3194 τὰ
1184 3137 1317 3211 αὐτάρκη.

379 3286 396 3341 ό
416 3285 506 3341 πόνον
524 3287 564 3341 Po
582 3287 679 3342 πόνων
696 3287 745 3341 111
762 3291 766 3355 Ι
782 3287 801 3344 δ
819 3287 907 3356 κηρόν
926 3290 946 3342 F
963 3293 1069 3360 κλῆρον
1087 3291 1115 3344 Μ
1131 3293 1135 3358 Ι
1152 3291 1190 3347 13
1209 3284 1314 3356 ἔδειξας
1332 3289 1367 3343 Di
1384 3287 1400 3344 δ
1419 3289 1511 3356 δείξας
1523 3290 1571 3342 ΡΜ
1594 3290 1599 3356 Ι

295 3371 332 3425 11
346 3366 496 3425 πολείοντ’
508 3373 586 3426 Schw
603 3374 606 3439 Ι
624 3372 662 3428 15
680 3366 816 3426 εἰπόνθ’
829 3369 936 3428 sterno
949 3369 981 3428 θ’
994 3375 1045 3428 FM
1058 3368 1252 3430 Izwss’Sehw
1270 3369 1388 3430 ἐνταῦθ’
1406 3374 1464 3429 1011
1483 3370 1514 3429 έν
1533 3367 1599 3442 τῷδ’

293 3468 337 3517 [sc.
348 3453 454 3527 δρόμῳ)
467 3455 490 3510 J.
501 3455 669 3524 Schulthess,
679 3457 774 3526 Symb.
784 3455 818 3510 ad
828 3457 927 3513 intem.
937 3457 996 3511 crib.
1006 3456 1068 3512 libr.
1081 3475 1140 3512 can.
1149 3459 1240 3513 Turici
1251 3459 1351 3515 1833ss
1364 3477 1389 3529 p.
1403 3461 1452 3513 104
1467 3459 1471 3524 Ι
1488 3460 1525 3513 16
1537 3476 1597 3528 τρο·

291 3544 352 3593 πῶν
371 3539 392 3591 F
410 3539 524 3609 τρόπων
542 3541 570 3593 Μ
587 3542 590 3608 Ι
606 3538 757 3610 εόστδχωςΙ
784 3537 909 3614 εὐτρόχῳ
928 3542 1075 3596 Markland
1098 3544 1103 3610 Ι
1128 3542 1168 3598 20
1193 3541 1224 3598 τό
1243 3544 1314 3602 <F
1337 3545 1342 3612 Ι
1364 3543 1534 3612 καττΙρτιοας
1553 3541 1598 3595 Wi

289 3624 463 3695 καταρτίσας
480 3623 529 3677 FM
546 3626 549 3691 Ι
566 3626 603 3680 21
624 3626 698 3693 ζωήν
717 3625 766 3678 PM
