3520 5498
522 454 704 526 Paedagogus
722 456 742 510 1.
762 459 828 526 Cap.
848 457 894 512 Ιίί.
912 458 953 524 30,
973 459 1064 524 1-33,
1083 458 1107 511 3.
1412 466 1470 527 109

158 626 233 691 τῶν
255 615 445 705 βελτιόνων
466 614 486 708 ή
507 614 670 706 μετάνοια
691 615 711 708 ή
734 623 789 692 ἐπὶ
813 638 886 702 τοῖς
908 615 1063 708 ἥττοσιν·
1087 615 1171 690 αάτό
1186 626 1271 708 γοῦν
1286 619 1327 691 τὸ
1341 627 1472 710 πνεῦμα

157 714 363 808 ὁμολογοῦσι
385 723 598 807 μετανοῆσαν
621 715 831 809 ἀναδραμεῖν.
861 718 925 791 τὸν
948 716 1054 792 αῦτὸν
1077 711 1138 791 οῦν
1156 717 1288 808 τρόπον
1308 727 1364 790 καί
1378 717 1471 810 ἡμεῖς

157 825 214 890 ἐπὶ
246 837 318 901 τοῖς
339 814 587 908 ἡμαρτημένοις
612 816 915 909 μετανενοηκότες,
948 815 1200 907 ἀποταξάμενοι
1227 838 1299 902 τοῖς
1321 822 1470 893 ἐλαττῶ-

156 941 259 1007 μασιν
283 914 414 1004 αὐτῶν,
440 914 662 1006 διυλιςὸμενοι
683 925 901 1008 βαπτίσματι,
928 918 1015 1008 πρὸς
1042 917 1083 990 τὸ
1106 915 1217 992 ἀίδιον
1243 915 1471 1008 ἀνατρέχομεν

123 1041 138 1092 5
157 1026 244 1106 φῶς,
267 1022 299 1091 οί
320 1023 438 1101 παῖδες
451 1016 538 1106 πρὸς
561 1017 624 1090 τὸν
646 1024 784 1107 πατέρα.
825 1016 1132 1108 ιάγαλλιοισάμενος
1154 1025 1238 1106 γοῦν
1253 1024 1289 1090 ἐν
1305 1025 1355 1108 τῶ
1370 1018 1469 1090 πνεῦ-
1488 1031 1504 1083 2

155 1147 237 1206 ματι
259 1115 397 1208 Ἰησοῦς,
421 1122 688 1207 ἐξομολογοῦμαί
708 1141 775 1202 σοι,
797 1115 919 1208 πάτερ,
947 1127 1065 1208 φησίν,
1092 1114 1111 1190 ὁ
1133 1119 1216 1201 θεὸς
1238 1124 1301 1189 τοῦ
1323 1115 1470 1208 οῦρανοῦ

155 1227 214 1290 καὶ
246 1223 306 1308 τής
336 1223 409 1308 γῆς,
440 1211 494 1288 ὅτι
524 1213 720 1306 ἀπέκρυψας
751 1223 860 1289 ταῦτα
891 1214 959 1289 ἀπὸ
987 1225 1108 1306 σοφῶν
1134 1225 1191 1289 καὶ
1217 1225 1384 1303 συνετῶν,
1414 1223 1470 1290 καί

159 1315 382 1403 ἀπεκάλυψας
414 1314 500 1388 αάτά
529 1325 695 1406 νηπίοιςι
730 1326 872 1407 νηπίους
904 1315 989 1408 ἡμᾶς
1016 1314 1275 1408 δπαιδαγωγός
1301 1325 1357 1389 καί
1384 1315 1471 1390 διδά·

159 1428 286 1500 σκαλος
317 1413 505 1490 ἀποκαλῶν
536 1418 617 1500 τοῦς
648 1425 721 1489 τῶν
747 1423 784 1489 έν
810 1415 926 1509 κόσμῳ
954 1424 1075 1505 σοφῶν
1101 1421 1396 1508 ἐπιτηδειοτέρους
1425 1423 1471 1500 εἰς

104 1536 141 1592 10
159 1525 345 1607 σωτηρίαν,
376 1522 411 1588 σί
439 1517 567 1604 σαφοῦς
598 1523 685 1605 σφᾶς
716 1513 895 1608 ήγοῦμενσι
927 1515 1155 1604 τετύφωνται.
1201 1524 1257 1589 καί
1284 1523 1505 1602 έπιβοᾶται,3

159 1614 414 1705 ἀγαλλιῶμενος
440 1622 496 1687 καί
517 1611 883 1706 δπερευφραινόμενος,
915 1621 1021 1690 οίονεί
1043 1625 1297 1704 συντραυλίζων
1318 1636 1391 1700 τοῖς
1414 1645 1469 1706 νη-

158 1724 264 1799 πίοις·
297 1726 383 1800 »ναί,
407 1711 427 1788 δ
449 1713 577 1806 πατήρ,
608 1711 664 1788 ὅτι
691 1711 804 1800 οὕτως
835 1713 970 1789 εῦδοκία
1000 1721 1135 1806 ἐγένετο
1163 1720 1354 1806 ἔμπροσθέν
1381 1740 1467 1786 σου.ι

159 1815 216 1888 διὰ
231 1821 338 1889 τοῦτο
353 1815 397 1887 τά
412 1822 620 1904 κεκρυμμένα
636 1813 703 1888 ἀπὸ
719 1826 841 1904 σοφῶν
854 1824 911 1888 καὶ
926 1823 1080 1889 συνετῶν
1096 1823 1158 1886 τοῦ
1175 1822 1237 1886 νῦν
1252 1821 1378 1897 αἰῶνος
1393 1812 1470 1886 ἀπε-

158 1912 323 2005 καλῦφθη
339 1934 412 1998 τοῖς
428 1922 570 2004 νηπίοις.
596 1913 745 2005 (νήπιοι)
762 1915 826 2004 ἀρα
841 1915 983 1998 εἰκότως
998 1919 1031 1987 οί
1046 1919 1164 1996 παῖδες
1180 1921 1243 1986 τοῦ
1258 1921 1344 1987 θεοῦ
1359 1919 1391 1986 οί
1407 1913 1470 1986 τὸν
1487 1933 1503 1982 4

106 2045 140 2096 15
158 2023 222 2105 μὲν
244 2013 393 2088 παλαιὸν
415 2013 623 2104 ἀποθέμενοι
645 2013 837 2104 ἄνθρωπον
863 2024 920 2087 καί
946 2022 1007 2106 τής
1028 2021 1146 2098 κακίας
1168 2012 1385 2103 έκδυσάμενοι
1407 2013 1471 2085 τὸν

159 2123 304 2205 χιτῶνα,
331 2112 591 2204 έπενδυσάμενοι
617 2120 653 2185 δὲ
679 2113 743 2204 τήν
771 2112 969 2203 ἀφθαρσίαν
995 2122 1058 2189 τοῦ
1084 2121 1248 2205 Χριστοῦ,
1277 2119 1332 2185 ίνα
1358 2122 1470 2187 καινοί

161 2211 346 2304 γενόμενοι,
368 2214 451 2296 λαὸς
473 2207 576 2302 άγιος,
600 2211 891 2304 ἀναγεννηθέντες
914 2211 1081 2304 ἀμίαντον
1104 2211 1309 2304 φυλάξωμεν
1331 2212 1394 2285 τὸν
1416 2213 1472 2285 άν-

162 2327 309 2403 θρωπον
330 2321 385 2384 καί
404 2311 521 2403 νήπιοι
544 2305 636 2402 ῶμεν
651 2310 699 2396 ῶς
714 2322 838 2402 βρέφος
861 2321 923 2386 τοῦ
945 2320 1028 2386 θεοῦ
1042 2320 1298 2404 κεκαθαρμένον
1313 2321 1473 2402 πορνείας

159 2421 217 2485 καί
238 2419 410 2502 πονηρίας.
454 2418 649 2499 σαφέστατα
670 2421 754 2503 γοῦν
776 2410 794 2486 ὁ
816 2411 978 2503 μακάριος
1005 2422 1140 2497 Παῦλος
1166 2411 1361 2504 ἀπήλλαξεν
1388 2411 1473 2504 ἡμᾶς
1489 2418 1553 2484 33,1

107 2539 143 2594 νο
162 2520 225 2603 τῆς
256 2509 426 2602 ζητήσεως
456 2516 493 2582 έν
523 2519 566 2600 τῇ
596 2519 748 2605 προτέρᾳ
778 2513 865 2604 πρὸς
887 2523 1095 2602 Κορινθίους
1122 2519 1284 2602 ἐπιστολῇ
1308 2505 1377 2584 ῶδέ
1397 2543 1472 2595 πως

161 2610 320 2702 γράφων
354 2606 529 2698 ιάδελφοί,
560 2610 604 2702 μή
631 2618 749 2684 παιδία
774 2622 908 2702 γίνεσθε
935 2632 1009 2698 ταίς
1032 2623 1169 2735 φρεσίνό
1196 2611 1284 2685 ἀλλὰ
1307 2643 1349 2702 τη
1334 2621 1471 2704 ’κακίᾳ

162 2709 358 2803 νηπιάζετε
381 2730 456 2794 ταῖς
478 2717 514 2781 δε
536 2720 632 2802 φρεσὶ
655 2720 777 2784 τέλειοι
799 2719 961 2802 γίνεσθαι
1008 2713 1049 2786 τὸ
1071 2707 1163 2784 δὲ
1132 2711 1209 2785 τότε
1232 2709 1319 2802 ήμην
1342 2711 1505 2802 νήπιος,2

162 2807 389 2900 ἐφρόνουν(
361 2841 409 2894 ως
435 2808 569 2935 νήπιος,
596 2809 792 2884 έλάλουν“
764 2843 812 2896 ως
835 2810 973 2903 νήπιοςι
1006 2811 1069 2901 τήν
1095 2811 1182 2884 κατὰ
1207 2809 1313 2934 νήμον
1335 2809 1473 2902 ἀγωγήν

162 2915 364 2994 αἰνίττεται,
390 2909 473 2981 καθ’
497 2910 541 3002 ἣν
562 2907 622 3000 οῦχ
646 2909 694 2995 ῶς
715 2908 846 2995 ἀπλοῦς
867 2910 946 3002 ήδη,
976 2909 1054 2984 ἀλλ’
1078 2910 1125 2994 ῶς
1148 2911 1200 2981 έτι
1222 2910 1346 3030 ἀφρων
1370 2909 1474 3000 νήπια

107 3037 142 3092 25
161 3019 225 3102 μὲν
254 3017 396 3102 φρονῶν
426 3015 557 3094 ἐδίωκε,
592 3010 696 3100 νήπια
726 3016 762 3082 δε
785 3021 902 3084 λαλῶν
932 3009 1137 3102 ἐβλασφήμει
1164 3009 1227 3082 τὸν
1254 3007 1366 3098 λόγον.
1410 3009 1470 3082 δύο

162 3111 226 3200 γὰρ
252 3117 405 3200 σημαίνει
430 3108 471 3181 τὸ
491 3117 495 3196 Ι
516 3107 649 3200 νήπιον.
699 3111 831 3202 »ἐπειδὴ
858 3119 991 3202 γέγονα,
1023 3119 1140 3200 φησίν,
1173 3107 1289 3198 ἀνήρ,«
1323 3105 1429 3181 πάλιν
1452 3105 1606 3182 δ118Ρ3

161 3216 299 3293 Παῦλος
329 3217 430 3299 λέγει,
464 3207 678 3300 »κατήργηκα
709 3211 752 3283 τά
784 3217 847 3283 τοῦ
878 3219 1030 3299 νηπίου.τ
1077 3206 1137 3298 οῦχ
1168 3205 1298 3298 ἡλικίας
1329 3213 1471 3298 μέγεθος

162 3307 293 3393 ἀτελές,
325 3304 403 3382 ἀλλ’
436 3305 514 3382 οῦδὲ
539 3309 606 3399 μήν
631 3309 757 3399 χρόνου
777 3318 903 3400 μέτρον
926 3307 1127 3400 ῶρισμένον,
1159 3305 1237 3382 ἀλλ’
1261 3304 1339 3380 οῦδὲ
1361 3305 1472 3396 ἀνδρι-

161 3417 237 3480 κῶν
257 3417 313 3480 καὶ
336 3413 582 3496 ἐντελεστέραν
602 3406 816 3499 μαθημάτων
838 3409 972 3500 διδαχάς
991 3418 995 3497 Ι
1015 3409 1121 3492 ἀλλας
1137 3406 1351 3499 ἀπορρήτους
1366 3415 1472 3480 αίνίτ-
1491 3425 1555 3480 438

107 3532 143 3587 30
163 3537 273 3594 τεται,
309 3509 373 3599 τήν
410 3505 602 3598 νηπιότητα
631 3505 815 3598 ῦπερόριον
845 3507 1071 3583 ἀποστέλλων
1103 3503 1121 3580 ὁ
1153 3526 1334 3596 καταργειν
1364 3504 1474 3597 αὐτὴν

248 3631 333 3687 5-8.
352 3630 389 3686 12
410 3630 478 3684 Luk.
497 3633 538 3697 10,
556 3631 588 3684 ‘21
607 3629 716 3697 (Matth.
730 3634 770 3697 11,
783 3634 826 3700 25)
845 3663 878 3672 -
896 3634 915 3690 8
935 3633 1052 3702 νηπίους
1070 3660 1103 3670 -
1123 3630 1160 3686 14
1180 3631 1290 3699 νηπίοις
1308 3629 1472 3686 Nioetasoat.

162 3732 196 3768 τυ
214 3713 283 3769 ΙαιΙτ.
301 3717 353 3782 Ι10,
371 3715 414 3782 21)
432 3714 462 3768 in
480 3713 587 3771 Monac.
606 3715 638 3769 33
657 3715 675 3768 ί.
694 3718 776 3780 17511;
794 3717 902 3772 Monac.
920 3718 970 3772 473
988 3735 1013 3787 p.
1032 3719 1096 3780 30οε
1114 3714 1211 3784 Angol.
1231 3717 1281 3772 100
1298 3715 1316 3768 f.
1334 3717 1414 3774 212r;
1434 3713 1472 3770 la·

162 3797 280 3854 teinisch
297 3797 343 3853 bei
361 3798 512 3866 eorderius,
531 3800 589 3853 Cat.
608 3799 636 3852 in
655 3800 679 3853 S.
699 3799 763 3855 Luc.
781 3819 806 3872 p.
819 3802 877 3857 306.
897 3800 953 3857 Ino.
971 3802 1128 3870 κλὴμεντος
1140 3800 1337 3870 παιδαγωγοῦ.
1357 3800 1473 3868 νηπίους

161 3883 258 3939 τοίνυν
275 3883 350 3952 ἡμᾶς
369 3881 385 3938 δ
402 3883 489 3954 λόγος
506 3879 651 3940 ἀποκαλεῖ
664 3883 731 3949 τοὺς
748 3889 806 3940 κτλ.
822 3885 893 3955 expl.
911 3893 973 3952 τοῖς
990 3886 1100 3954 νηπίοις
1120 3915 1152 3924 -
1166 3884 1211 3939 01
1226 3883 1283 3953 vgl.
1302 3884 1379 3938 Rom.
1398 3888 1420 3951 1,
1440 3885 1474 3936 22

162 3967 215 4022 mit
231 3967 246 4020 I
264 3969 333 4023 Ίῖω.
346 3971 370 4032 6,
382 3971 398 4022 4
411 3997 444 4007 -
459 3969 568 4024 10-11
590 3969 644 4038 vgl.
658 3966 756 4038 Ephes.
768 3973 793 4034 4,
806 3971 847 4023 22.
865 3971 911 4032 24;
929 3969 990 4023 Jud.
1004 3971 1051 4033 23;
1070 3970 1156 4025 IKor.
1167 3971 1206 4035 15,
1217 3969 1263 4032 53;
1282 3969 1306 4020 11
1318 3969 1382 4023 Kor.
1392 3971 1416 4034 5,
1428 3970 1473 4030 17;

162 4055 174 4106 1
193 4053 266 4108 Petr.
285 4053 308 4120 2,
328 4053 389 4108 9-
404 4052 610 4119 10-8.110,8
629 4053 684 4122 vgl.
705 4051 766 4106 Isid.
786 4053 875 4108 Polus.
895 4054 944 4124 Ep.
964 4055 1046 4108 1442.
1065 4055 1116 4108 443
1133 4084 1166 4092 —
1185 4053 1277 4108 2111
1297 4052 1360 4106 Kor.
1381 4055 1420 4114 14,
1440 4053 1474 4108 20

163 4168 197 4176 -
216 4137 277 4193 221
296 4156 323 4193 u.
341 4137 424 4193 2611
444 4137 507 4191 Kor.
527 4139 567 4202 13,
587 4140 617 4191 11

250 4240 266 4295 l
286 4235 406 4307 ίΙττωσιν
418 4237 462 4291 Μ*
478 4240 481 4304 Ι
499 4238 538 4293 10
556 4238 639 4308 σφᾶς]
656 4232 773 4304 ἑαυτοὺς
786 4239 844 4292 Cpb.
860 4238 864 4305 Ι
882 4238 920 4293 10
937 4239 1030 4294 καί-
1045 4239 1083 4294 12
1102 4255 1154 4293 σον
1167 4247 1199 4296 <
1212 4238 1270 4294 Cat.
1286 4241 1291 4304 Ι
1308 4238 1346 4292 10
1365 4237 1473 4306 σοφῶν]

162 4329 221 4379 τῶν
239 4329 338 4392 σοφῶν
356 4323 414 4378 eat.
431 4325 434 4390 Ι
449 4325 498 4378 καί
516 4329 639 4377 συνετῶν
655 4332 688 4382 <
707 4323 764 4376 Cat.
781 4323 785 4390 Ι
802 4323 839 4378 14
860 4325 981 4391 (νήπιοι)
1001 4323 1080 4376 Schw
1095 4327 1099 4390 Ι
1117 4323 1154 4378 10
1172 4329 1223 4378 τοῦ
1241 4322 1262 4374 F
1280 4323 1330 4389 τιΙν
1348 4323 1376 4376 M
1393 4323 1397 4389 Ι
1415 4321 1476 4376 let

163 4408 259 4464 καινοί
271 4407 423 4476 γενόμενοι
432 4406 580 4462 Markland
591 4406 690 4472 καινὸς
701 4406 857 4476 γενόμενος
866 4408 916 4460 FM
932 4409 936 4474 Ι
954 4409 991 4463 18
1009 4409 1106 4475 νήπιοι
1118 4399 1197 4474 ὦμεν
1209 4436 1242 4445 -
1254 4403 1472 4477 κεκαθαρμένον

163 4494 195 4547 st
212 4493 312 4561 νήπιος
323 4490 376 4560 μέν
388 4522 420 4531 -
432 4491 649 4564 κεκαθαρμένος
661 4491 712 4545 PM
724 4487 882 4563 ίίνθριοιτον
894 4493 1004 4558 καίνον,
1018 4493 1119 4560 νήπιον
1130 4488 1184 4559 μὲν
1202 4520 1234 4529 -
1252 4488 1472 4562 κεκαθαρμένον

164 4573 222 4646 (δὲ)
242 4575 322 4630 Sehw
337 4577 341 4643 Ι
357 4577 395 4632 27
415 4575 523 4645 ήλικίας
537 4579 565 4643 Ια
584 4575 612 4629 in
624 4577 698 4643 Ras.)
711 4576 751 4630 M¹
767 4581 771 4644 Ι
788 4577 852 4633 201
867 4574 1018 4632 αἰνίττεται
1037 4573 1094 4644 Ιαίν
1111 4575 1140 4630 in
1151 4575 1224 4643 Rae.)
1237 4574 1277 4627 ΜΙ
1294 4578 1297 4644 Ι
1313 4576 1354 4630 00
1369 4591 1473 4641 καταρ-

163 4667 225 4731 γεῖν
243 4660 276 4716 θλ
291 4659 494 4730 καταγγέλλειν
512 4661 563 4716 FM
