3510 5474
326 490 384 553 198
912 483 1046 540 Clemens.

322 653 450 738 κρίκοις
475 652 531 715 καὶ
553 665 625 730 τοῖς
647 655 807 732 σχοίνοις,
840 639 934 718 ούτω
965 653 1000 718 δέ
1026 656 1082 717 καὶ
1108 642 1127 718 δ
1150 643 1341 732 ἀκόλαστος
1371 647 1560 740 θυμιάμασι
1580 658 1635 722 καὶ

323 746 439 838 μύροις
460 754 516 818 καὶ
539 764 613 828 ταῖς
639 741 707 816 άπὸ
735 753 809 817 τῶν
833 745 1017 834 στεφάνων
1047 743 1201 830 εὐωδίαις
1231 755 1452 836 περιέλκεται.
1496 754 1571 820 ἐπεὶ
1601 756 1634 822 δε
1651 765 1704 817 οὑξ

324 845 482 938 ούδεμίαν
513 847 629 937 χῶραν
665 842 880 936 άπανέμομεν
916 845 1022 938 ἡδονῇ
1052 845 1138 938 πρὸς
1168 846 1327 939 ούδεμίαν
1356 856 1635 938 συμπεπλεγμένη

323 954 480 1036 λυσιτελῆ
502 953 554 1038 τῷ
577 954 639 1037 βίῳ
659 955 783 1037 χρείαν,
807 953 886 1036 φέρε
907 944 1087 1018 κάνταῦθα
1109 947 1389 1036 διαστειλῶμεθα,
1410 945 1451 1018 τὸ
1474 955 1635 1037 χρειῶδες

289 1047 527 1140 σαίρούμενοι
569 1052 631 1118 είσὶ
667 1044 729 1136 γάρ
768 1077 857 1130 τινες
892 1045 1029 1120 εύωδίαι
1060 1045 1101 1120 ού
1131 1056 1319 1135 καρωτικαὶ
1350 1045 1428 1120 οὑδὲ
1463 1053 1636 1135 ἐρωτικαί.

323 1144 449 1222 ούκουν
471 1155 667 1238 συμπλοκῆς
688 1156 744 1219 καὶ
767 1153 827 1236 τῆς
850 1145 1042 1222 ἀκολάστου
1064 1149 1226 1238 ἑταιρείας
1242 1144 1483 1229 άποπνίουσαι,
1506 1146 1636 1238 ύχειναὶ

323 1257 359 1321 δὲ
380 1247 465 1339 μετὰ
488 1247 710 1338 σωφροσύνης
732 1257 788 1319 καί
811 1247 956 1338 τὸνμὲν
978 1253 1166 1337 ἐγκέφαλον
1187 1245 1455 1336 ύποτρέφουσαι,
1490 1244 1638 1338 ὁπηνίκα

323 1349 365 1421 δν
387 1355 546 1436 καχεκτῇ,
578 1347 792 1436 δωννύουσαι
818 1353 854 1418 δε
880 1355 936 1419 καὶ
962 1346 1025 1418 τὸν
1052 1343 1230 1436 στόμαχον.
1277 1355 1419 1435 [πολλοῦ
1441 1357 1563 1420 τοίνυν
1587 1343 1666 1421 δεῖν

323 1467 395 1532 τοῖς
417 1447 558 1520 ἄνθεσιν
573 1445 748 1537 ἐπιφύχειν
763 1443 878 1533 αύτδν,
902 1443 1009 1519 ὁπότε
1024 1442 1240 1520 ἀλεαίνεσθαι
1260 1452 1371 1520 ἐθέλει
1385 1447 1427 1519 τὸ
1443 1454 1634 1536 νευρῶδες]

272 1575 306 1629 10
323 1545 363 1620 ού
384 1549 448 1638 γάρ
469 1545 557 1620 κατὰ
579 1545 693 1618 πάντα
714 1543 1029 1636 άποσκορακιστέον
1050 1547 1116 1636 τὴν
1133 1553 1251 1637 χρῆσιν
1273 1546 1398 1635 αὑτῶν,
1420 1544 1496 1620 ἀλλ’
1521 1545 1636 1635 ῶσπερ

323 1646 491 1738 φαρμάκῳ
524 1655 578 1718 καὶ
605 1645 799 1737 βοηθήματι
824 1654 989 1738 χρηστέον
1012 1655 1063 1738 τῷ
1090 1645 1185 1739 μύρῳ
1216 1645 1303 1736 πρός
1333 1675 1372 1719 τε
1401 1647 1443 1720 τὸ
1470 1653 1637 1736 ἐπεγεῖραι

322 1749 388 1839 τὴν
418 1745 626 1822 ύπαυδῶσαν
656 1747 798 1837 δύναμιν
832 1754 888 1819 καὶ
918 1746 1004 1835 πρὸς
1037 1748 1117 1830 τούς
1145 1743 1335 1836 κατάρρους
1369 1755 1426 1820 καὶ
1457 1745 1546 1834 πρὸς
1577 1745 1637 1828 τὰς

322 1847 526 1936 καταψύξεις
549 1853 791 1938 δυσαρέστησίν
812 1875 859 1932 τε,
882 1845 974 1918 καθά
995 1853 1051 1918 καὶ
1074 1842 1092 1919 δ
1113 1844 1267 1937 κωμικός
1290 1855 1372 1937 φησί
1393 1870 1476 1919 που·

1121 2009 1141 2051 υ
1162 2010 1193 2052 οι

272 2109 304 2160 15
574 2079 798 2170 ὑπαλείφεται
821 2080 881 2164 τὰς
903 2081 1010 2169 δίνας·
1033 2008 1160 2169 δχιεΙίαΙς)
1178 2011 1279 2170 μςέρος

575 2190 734 2270 μέγιστον
757 2175 860 2268 δδμάς
882 2178 1059 2271 ἐγκεφάλῳ
1082 2179 1230 2270 χρηστὰς
1251 2199 1376 2252 ποιεῖν·

322 2311 420 2404 καὶὴ
448 2322 522 2386 τῶν
548 2320 668 2387 ποδῶν
696 2314 749 2386 διά
777 2320 839 2386 τοῦ
867 2321 986 2396 λίπους
1016 2321 1091 2385 τῶν
1120 2307 1449 2404 άναθερμαινύντων
1479 2310 1501 2404 δΙ
1532 2319 1661 2405 ἐμοῖο-3

321 2414 459 2504 χδντων
481 2411 600 2503 μύρων
622 2410 802 2503 άνάτριητς
824 2411 990 2502 ω’φελείας
1013 2415 1125 2485 ἕνεκεν
1146 2412 1391 2503 ἐπιτηδεύεται,
1424 2411 1472 2497 ῶς
1501 2414 1542 2504 δὴ
1566 2412 1632 2487 ἀπὸ

325 2521 387 2604 τῆς
406 2519 558 2602 κεφαλῆς
581 2533 654 2596 τοῖς
680 2519 963 2604 πεπληρωμένοις
988 2507 1097 2602 δλκὴν
1120 2520 1125 2602 Ι
1150 2540 1228 2586 τινα
1253 2520 1310 2585 καὶ
1331 2509 1552 2604 ὑποχώρησιν
1579 2520 1633 2588 ἐπί
1649 2522 1714 2576 θεοῖ·

270 2636 304 2690 20
323 2615 367 2686 τὰ
396 2612 440 2704 μὴ
471 2610 569 2703 κύρια
600 2620 675 2685 τῶν
704 2621 816 2703 μερῶν
847 2619 1008 2704 γίνεσθαι.
1058 2609 1165 2702 ἡδονὴ
1195 2617 1245 2698 δέ,
1276 2607 1297 2702 ᾗ
1328 2612 1373 2704 μὴ
1399 2612 1562 2703 πρόσεστι
1593 2615 1663 2686 τὸε
1733 2685 1734 2708 Ι

320 2719 493 2804 χρειῶδες,
525 2710 633 2803 ἤθους
664 2719 758 2786 ἐστὶν
788 2717 958 2800 ἑταιρικοῦ
988 2711 1127 2802 διαβολὴ
1155 2719 1210 2784 καὶ
1233 2708 1413 2804 φάρμακον
1435 2718 1633 2805 ἐρεθισμῶν.

323 2821 472 2903 διαφέρει
500 2819 536 2886 δὲ
559 2807 650 2898 ὅλως
676 2813 718 2886 τὸ
743 2827 966 2903 μυραλοιφεῖν
998 2819 1061 2885 τοῦ
1086 2811 1182 2903 μύρῳ
1212 2821 1376 2902 χρίεσθαι·
1408 2812 1449 2884 τὸ
1479 2820 1542 2903 μὲν
1571 2814 1633 2903 γὰρ

322 2919 564 3004 θηλυδριῶδες,
588 2915 629 2986 τὸ
652 2920 687 2985 δε
708 2921 861 3002 χρίεσθαι
883 2920 935 3004 τῷ
962 2912 1056 3004 μύρῳ
1083 2921 1139 2985 καὶ
1161 2925 1330 2985 λυσιτελεῖ
1350 2908 1422 2985 ἔσθ’
1444 2906 1509 2984 δτε.
1553 2909 1634 3002 Ἀρί-
1650 2937 1701 2995 ιλιι

323 3037 472 3096 στιππσς
494 3019 577 3103 γοῦν
600 3010 620 3086 δ
643 3012 835 3101 φιλόσοφος
855 3011 1052 3104 χρισάμενος
1081 3011 1175 3102 μύρῳ
1207 3012 1333 3096 κακούς
1360 3019 1474 3096 κακῶς
1496 3008 1633 3084 άπσλω-

271 3134 305 3188 25
323 3121 417 3186 λε’ναι
438 3119 556 3205 χρῆναι
583 3114 665 3198 τούς
692 3120 864 3197 κιναίδους
891 3117 1036 3201 ἔφασκεν
1067 3119 1129 3185 τοῦ
1159 3111 1266 3200 μύρου
1296 3109 1360 3200 τὴν
1391 3108 1561 3200 ῶφέλειαν
1590 3121 1635 3196 εἰς

323 3218 498 3302 λοιδορίαν
520 3210 791 3302 διαβεβληκδτας.
831 3220 928 3303 »τίμα
950 3219 986 3284 δὲ
1008 3210 1129 3302 ἰατρὸν
1143 3209 1229 3300 πρὸς
1243 3217 1357 3300 χρείαν
1371 3207 1509 3297 αύτοῦι,
1533 3221 1663 3303 φησὶνῖ

322 3310 342 3401 ιΙ
371 3311 497 3402 γραφή·
531 3320 605 3385 »καὶ
636 3313 699 3402 γὰρ
727 3310 833 3386 αὑτὸν
855 3317 985 3386 ἔκτισεν
1006 3308 1025 3384 δ
1047 3305 1203 3400 ύφιστος,
1233 3310 1325 3400 παρά
1346 3316 1382 3382 δὲ
1402 3317 1522 3401 κυρίου
1543 3315 1634 3384 ἐστὶν

323 3417 433 3494 ίασις.ε
481 3413 552 3483 εἶτα
574 3410 703 3503 ἐπάγει·
728 3420 801 3484 »καὶ
822 3411 971 3502 μυρεφὸς
992 3411 1126 3502 ποιήσει
1152 3418 1288 3501 μίχμαι,
1316 3407 1364 3494 ῶς
1389 3417 1436 3493 είς
1463 3407 1633 3500 ῶφέλειαν

323 3507 493 3600 δηλονότι,
517 3508 579 3582 ούκ
601 3515 646 3595 είς
672 3509 887 3602 ἡδυπάθειαν
913 3518 1103 3601 δεδομένων
1130 3518 1205 3582 τῶν
1231 3508 1357 3599 μύρων.
1400 3507 1442 3583 ού
1467 3511 1530 3598 γὰρ
1557 3520 1661 3599 περὶ3

408 3731 481 3785 2-4
504 3731 559 3801 vgl.
578 3732 651 3787 Plut.
670 3733 737 3788 Mor.
756 3751 781 3802 p.
800 3734 884 3788 645ss
903 3727 963 3790 ἀλλ’
982 3730 1035 3788 οὑκ
1052 3725 1110 3803 ἔχει
1127 3728 1227 3804 χώραν
1249 3728 1279 3787 ἐν
1298 3733 1448 3808 συμποσίῳ
1468 3733 1632 3805 φιλοσόφων

323 3811 435 3885 ἀνδρῶν
452 3815 537 3886 ἡδονὴ
556 3815 630 3888 πρὸς
646 3819 787 3887 μηδεμίαν
814 3813 1049 3889 συμπεπλεγμένη
1065 3817 1165 3888 χρείαν
1183 3846 1216 3855 -
1236 3817 1275 3871 16
1301 3813 1336 3871 οὐ
1352 3813 1426 3872 κατὰ
1447 3847 1476 3856 -
1498 3818 1533 3872 11
1555 3817 1632 3890 μύρῳ

324 3900 396 3955 θεον.
415 3899 477 3955 Par.
495 3902 545 3956 203
563 3901 628 3957 Holl
655 3931 688 3942 -
716 3903 829 3958 14-16
852 3901 946 3957 Alexis
967 3902 1010 3957 Fr.
1030 3903 1079 3958 190
1097 3901 1164 3956 CAF
1183 3901 1208 3954 ΙΙ
1226 3919 1251 3972 p.
1269 3903 1333 3966 368;
1358 3899 1437 3955 Ελίιετ
1455 3901 1554 3955 Gnom.
1572 3903 1631 3956 hist

323 4001 390 4039 ram.
402 3986 437 4040 40
448 4013 481 4024 -·
495 3986 609 4042 28-26
621 3985 742 4057 Aristipp
755 3985 844 4043 Fr.·67
857 3987 980 4041 Mullaoh
992 3985 1061 4041 FPG
1074 3987 1100 4040 ΙΙ
1112 4003 1138 4057 p.
1150 3987 1213 4050 414;
1226 3986 1281 4056 vgl.
1294 3989 1389 4042 Arsen.
1401 3985 1477 4040 Viol.
1489 4003 1514 4056 p.
1529 3987 1579 4041 11⁸2
1591 3985 1632 4038 W.

322 4099 356 4109 -
374 4069 487 4126 26-28
507 4069 556 4124 Sir.
575 4071 617 4138 38,
636 4070 710 4128 1128

408 4275 426 4328 6
443 4266 565 4343 ὑγιεινοὶ
581 4274 617 4329 P²
632 4276 636 4342 Ι
652 4274 670 4330 8
688 4279 823 4344 καχεκτὴι
843 4272 877 4325 1³³
893 4278 1028 4340 κακεκτῆι
1046 4273 1083 4326 Ρ*
1099 4275 1103 4340 Ι
1118 4270 1298 4344 ῥωνννοῦσαι
1315 4273 1353 4327 Ρ*
1378 4274 1382 4340 Ι
1405 4271 1451 4328 81
1466 4271 1585 4342 [πολλοῦ
1601 4302 1630 4311 -

321 4358 481 4429 νευρῶδες]
504 4357 551 4412 Ma
565 4358 619 4424 vgl.
633 4360 659 4416 S.
673 4361 729 4424 199,
740 4357 794 4413 271
806 4362 810 4425 Ι
826 4357 845 4414 θ
864 4353 1049 4413 ἀλεαίνεσθαι
1064 4357 1150 4412 Cobet
1162 4359 1213 4412 472
1227 4355 1424 4413 λεαίνεσθαιΡ
1439 4356 1443 4422 Ι
1460 4356 1500 4412 16
1517 4349 1553 4413 ού
1569 4354 1630 4428 γὰρ]

324 4437 375 4498 οὑκ
393 4437 453 4512 δρα
470 4443 549 4498 Kroll
565 4445 569 4510 Ι
585 4439 831 4516 ἀποκορακιστέον
849 4441 870 4494 P
887 4441 1094 4514 σκορακιοτέον
1111 4443 1184 4496 Sacr.
1202 4441 1263 4495 Par.
1280 4442 1284 4510 Ι
1300 4439 1338 4497 16
1356 4436 1553 4511 ὑπαλείφεται]
1572 4439 1630 4498 ἐνα-

323 4526 448 4593 λείφεται
474 4527 539 4581 Ath.
555 4529 583 4582 II
608 4545 636 4596 p.
653 4530 688 4582 46
708 4532 733 4582 A
756 4529 761 4595 Ι
784 4524 866 4598 ῥῖνας
891 4527 956 4581 Δία.
981 4533 1078 4598 χεῖρας
1100 4527 1122 4580 P
1146 4528 1157 4594 ΙΙ
1174 4521 1280 4596 ὑγιείας
1301 4526 1367 4580 Ath.
1393 4541 1417 4579 τε
1446 4542 1470 4580 α
1489 4523 1520 4580 Ο.
1539 4544 1566 4580 u.
1582 4525 1631 4580 XV

323 4629 348 4680 p.
367 4609 453 4666 6871)
471 4606 567 4681 ὑγείας
584 4611 606 4663 Ρ
621 4613 626 4680 Ι
643 4613 680 4667 16
698 4609 797 4681 δδμὰςΙ
816 4609 909 4680 δσμὺς
924 4613 990 4666 Ath.
1014 4613 1018 4680 Ι
1043 4607 1192 4686 ἐγκεφάλῳ
1211 4609 1276 4664 Αίίι.
1302 4606 1469 4680 ἐγκεφάλων
1487 4611 1510 4666 Ρ
1525 4612 1530 4680 Ι
1547 4611 1585 4669 18
1601 4611 1629 4677 διΙ

324 4695 361 4748 P*
379 4695 418 4764 μὴ
436 4695 472 4748 1³³
487 4697 491 4764 Ι
509 4695 546 4752 19
566 4693 612 4751 ἐπὶ
629 4695 664 4749 1²²
682 4691 743 4751 ἐπεὶ
761 4696 798 4749 Ρ*
814 4697 817 4764 Ι
833 4695 871 4752 26
888 4697 955 4766 τίμιι
973 4697 1010 4750 P²
1026 4702 1106 4764 τιμᾶι
1124 4696 1162 4750 Ρ*
