3520 5480
1256 106 1288 171 s.

1252 171 1501 488 Q&
1508 271 1522 320 ’ί
1541 283 1561 315 ν
1600 290 1606 315 ι

1321 329 1378 418 ⁰⁴1
1405 327 1442 373 ‘³'
1503 403 1511 420 .
1545 318 1573 415 ’,

474 417 655 488 Paedagogus
673 418 718 470 111.
738 417 801 488 Cap.
820 417 879 470 XII.
896 419 938 482 94,
955 420 1047 484 3-98,
1065 419 1089 474 3.
1440 405 1567 482 δςζμ

124 581 231 672 λόγος
252 578 348 670 ῦμῶν
378 576 531 652 πάντοτε
561 583 599 650 ἐν
627 576 748 670 χάριτι,
780 573 880 652 άλατι
910 577 1104 671 ήρτυμένος,
1134 587 1256 654 είδέναι
1278 587 1354 664 πῶς
1385 588 1436 652 δεῖ

123 677 211 773 ῦμάς
234 683 281 752 ἑνί
304 677 436 770 ἑκάστῳ
458 675 729 769 ἀποκρίνεσθαιε
788 685 1010 770 »ἐντρέφεσθε
1041 699 1114 764 τοῖς
1144 677 1258 770 λόγοις
1288 685 1348 770 τῇς
1377 688 1431 751 πί·
1450 694 1516 762 96,1

124 805 249 864 στεως·
273 777 480 870 γυμνάζεσθε
502 778 588 864 πρὸς
611 775 783 863 εὐσέβειαν.
832 777 851 870 ῇ
881 779 944 870 γάρ
966 780 1139 871 σωματικὴ
1163 789 1324 870 γυμνασία
1346 779 1432 869 πρὸς

125 877 244 970 ὀλίγον
266 883 359 952 ἐστὶν
383 875 563 968 ῶφέλιμος,
587 875 607 968 ή
629 883 665 950 δέ
696 875 840 962 εὐσέβεια
870 878 955 966 πρός
984 880 1100 952 πάντα
1130 876 1300 969 ῶφέλιμός
1331 885 1433 964 ἐστιν,

87 1001 104 1052 5
124 987 327 1070 ἐπαγγελίαν
343 983 462 1066 ἔχουσα
477 984 537 1068 τῇς
553 983 642 1067 ζωῆς
657 983 718 1068 τῆς
733 985 796 1048 νῦν
811 986 866 1049 καί
889 984 950 1069 τῇς
970 977 1182 1069 μελλοῦσηςπ
1220 983 1270 1052 »σί
1291 979 1433 1062 πιστοὺς
1451 999 1468 1053 2

125 1085 262 1170 ἔχοντες
278 1076 445 1162 δεσπότας
459 1077 504 1168 μὴ
519 1086 851 1166 καταφρονείτωσαν,
867 1071 921 1149 ότι
935 1075 1078 1164 ἀδελφοί
1092 1082 1185 1166 είσιν,
1202 1075 1288 1150 ἀλλὰ
1302 1085 1434 1168 μᾶλλον

127 1187 395 1262 δουλευέτωσαν,
419 1172 474 1250 ότι
495 1185 611 1249 πιστοί
633 1182 740 1248 εἰσιν(
791 1173 827 1248 »ό
853 1179 1050 1265 μεταδιδοὺς
1076 1181 1164 1248 έστω
1190 1182 1227 1248 ἐν
1253 1175 1467 1267 άπλότητι,3

126 1275 146 1350 ό
169 1275 418 1368 προϊστάμενος
439 1282 477 1350 ἐν
499 1283 639 1366 σπουδῇ,
662 1271 681 1348 ό
704 1281 811 1348 ἐλεῶν
833 1281 870 1348 ἐν
895 1273 1080 1367 ίλαρότητι.
1128 1275 1148 1367 ή
1168 1274 1281 1368 ἀγάπη
1309 1275 1434 1352 ἀνυπό-

125 1406 250 1466 κριτος.
303 1375 576 1466 ἀποστυγοῦντες
612 1376 653 1449 τό
684 1373 847 1466 πονηρόν,
882 1377 1094 1466 κολλώμενοι
1127 1385 1179 1468 τῷ
1214 1375 1348 1467 ἀγαθῷ·
1391 1383 1469 1467 τῇ4

69 1495 104 1548 10
126 1484 337 1569 φιλαδελφίᾳ
364 1483 410 1560 είς
436 1473 608 1566 ἀλλήλους
635 1473 869 1564 φιλόστοργοι,
897 1483 939 1564 τῇ
966 1484 1045 1565 τιμῇ
1069 1473 1238 1566 ἀλλήλους
1267 1477 1435 1566 προηγοῦ-

124 1607 233 1667 μενοι,
256 1584 298 1666 τῇ
321 1584 451 1665 σπουδῇ
472 1576 517 1666 μή
540 1571 690 1666 όκνηρσί,
718 1583 768 1666 τῷ
791 1575 958 1664 πνεύματι
985 1583 1126 1663 ζέοντες,
1150 1583 1200 1666 τῷ
1227 1585 1334 1666 κυρίῳ
1361 1583 1436 1648 δου-

125 1677 294 1760 λεῦοντες,
317 1685 359 1766 τῇ
382 1681 492 1748 ἐλπίδι
511 1685 697 1764 χαίροντες,
721 1682 763 1764 τῇ
786 1683 903 1761 θλίψει
925 1671 1170 1765 ὑπομένοντες,
1198 1683 1241 1763 τῇ
1267 1683 1435 1766 προσευχῇ

124 1783 469 1865 προσκαρτεροῦντες,
493 1776 559 1866 τήν
573 1785 768 1862 φιλοξενίαν
790 1776 981 1858 διώκοντες,
1003 1795 1077 1858 ταῖς
1095 1783 1218 1865 χρείαις
1233 1783 1306 1846 τῶν
1328 1771 1436 1864 άγίων

124 1903 404 1958 κοινωνουντεςπ

71 1995 105 2046 15
209 1971 317 2062 Ὀλίγα
340 1981 447 2047 ταῦτα
469 1979 506 2046 ἐκ
531 1982 677 2047 πολλῶν
700 1981 875 2064 δείγματος
896 1970 994 2061 χάριν
1016 1969 1076 2045 ἀπ’
1105 1970 1223 2045 αὐτῶν
1249 1976 1435 2060 διεξελθῶν
1452 1994 1518 2058 97,1

126 2081 201 2146 τῶν
224 2083 332 2145 θείων
361 2081 506 2164 γραφῶν
528 2071 546 2146 ό
568 2074 785 2163 παιδαγωγὸς
815 2093 887 2156 τοίς
917 2069 1023 2144 αῦτοῦ
1052 2081 1279 2164 παρατίθεται
1309 2082 1434 2161 παισίν,

124 2170 174 2243 δι’
204 2165 264 2258 ῶν,
288 2171 335 2256 ῶς
358 2178 439 2257 ἔπος
470 2179 591 2258 είπείν,
623 2173 729 2264 άρδην
756 2171 959 2246 ἐκκόπτεται
985 2180 1085 2245 κακία
1112 2181 1168 2244 καί
1193 2170 1437 2263 περιγράφεται

125 2273 246 2346 ἀδικία.
287 2282 400 2362 μυρίαι
421 2279 456 2344 δέ
479 2267 553 2345 όσαι
580 2269 755 2363 ὑποθῆκαι
782 2277 826 2358 είς
847 2269 1018 2362 πρόσωπα
1042 2273 1183 2344 ἐκλεκτά
1210 2279 1470 2348 διατείνουσαι2

124 2369 373 2462 ἐγγεγράφαται
400 2393 474 2455 ταίς
499 2381 626 2460 βίβλοις
653 2393 726 2455 ταῖς
752 2370 874 2463 ἀγίαις,
906 2377 941 2443 αἳ
970 2379 1031 2462 μέν
1061 2378 1306 2460 πρεσβυτέροις,
1337 2379 1372 2443 αἳ
1401 2379 1436 2444 δέ

68 2488 106 2542 20
124 2471 324 2556 ἐπισκόποις
354 2477 441 2561 <καὶ>
472 2469 656 2558 διακόνοις,
688 2473 788 2545 ἄλλαι
824 2470 954 2562 χήραις,
984 2480 1060 2562 περὶ
1092 2463 1143 2543 ῶν
1174 2471 1277 2556 ἄλλος
1308 2469 1350 2544 ἂν
1387 2477 1435 2561 εἴη

126 2581 237 2660 λέγειν
258 2569 382 2659 καιρός.
418 2572 588 2643 πολλὰδὲ
608 2581 665 2644 καί
687 2569 729 2644 δι’
752 2571 969 2663 αἰνιγμάτων,
992 2571 1105 2644 πολλὰ
1127 2578 1238 2642 δὲκαὶ
1260 2572 1315 2643 διὰ
1328 2600 1435 2660 παρα·
1454 2597 1470 2651 3

124 2679 244 2758 βολῶν
264 2691 337 2754 τοῖς
359 2670 621 2761 ἐντυγχάνουσιν
643 2676 770 2760 ἔξεστιν
787 2669 1003 2759 ῶφελεῑσθαι.
1042 2668 1117 2744 ἀλλ’
1138 2668 1200 2742 οῦκ
1222 2668 1311 2760 ε’μόν,
1334 2677 1436 2760 φησίν

126 2767 394 2859 όπαιδαγωγός,
417 2768 585 2844 διδάσκειν
608 2775 657 2844 έτι
680 2779 802 2856 ταῦτα,
829 2771 1032 2846 διδασκάλου
1058 2779 1093 2844 δὲ
1120 2777 1166 2855 είς
1193 2769 1257 2860 τήν
1283 2769 1437 2860 ἐξήγησιν

125 2877 200 2942 τῶν
227 2866 336 2958 άγίων
361 2876 503 2944 ἐκείνων
530 2871 645 2960 λόγων
670 2870 848 2961 χρῇζομεν,
875 2870 960 2962 πρὸς
988 2865 1029 2945 όν
1053 2868 1132 2961 ήμίν
1154 2876 1339 2955 βαδιστέον.
1382 2877 1436 2940 καί

69 2987 105 3040 25
125 2972 167 3059 δή
191 2968 265 3059 ῶρα
287 2998 323 3060 γε
345 2975 418 3061 ἐμοί
439 2979 501 3061 μὲν
522 2977 719 3042 πεπαῦσθαι
740 2978 801 3060 τῇς
823 2978 1061 3062 παιδαγωγίας,
1083 2967 1167 3060 ῦμᾶς
1190 2976 1224 3041 δὲ
1247 2966 1436 3058 ἀκροᾶσθαι

124 3077 189 3141 τοῦ
212 3067 421 3142 διδασκάλου.
464 3072 674 3160 παραλαβῶν
696 3076 731 3141 δὲ
755 3063 856 3154 οὗτος
877 3069 961 3161 ῦμῦς
983 3068 1051 3144 ῦπὸ
1073 3078 1159 3158 καλῇ
1182 3075 1436 3157 τεθραμμένους
1454 3087 1520 3151 θαι

125 3167 244 3259 ἀγωγῇ
259 3167 467 3256 ἐκδιδάξεται
482 3171 525 3242 τά
541 3168 645 3261 λόγια.
670 3175 903 3244 διδασκαλεῖον
919 3178 954 3242 δε
970 3169 991 3261 ῇ
1006 3175 1164 3260 ἐκκλησία
1179 3164 1238 3258 ἥδε
1254 3175 1308 3238 καί
1324 3163 1343 3239 ὁ
1360 3197 1436 3257 νυμ-

125 3279 206 3357 φίος
223 3265 242 3341 ὁ
256 3266 362 3358 μόνος
384 3267 591 3352 διδάσκαλος,
613 3267 748 3360 ἀγαθοῦ
761 3270 892 3362 πατρὸς
906 3268 1040 3362 ἀγαθὸν
1061 3268 1221 3358 βούλημα,
1244 3277 1346 3354 σοφία
1362 3265 1438 3358 γνή-

125 3395 207 3452 σιος,
231 3363 374 3457 άγίασμα
389 3370 562 3458 γνῶσεως·
593 3377 665 3442 »καὶ
688 3367 790 3455 αὐτὸς
813 3369 952 3462 ίλασμός
975 3377 1045 3443 ἐστι
1066 3377 1142 3460 περὶ
1165 3375 1238 3440 τῶν
1261 3364 1471 3457 ἀμαρτιῶν2

72 3483 107 3536 30
126 3466 251 3558 ἡμῶν(
278 3465 326 3550 ῶς
348 3492 450 3557 φησιν
473 3464 491 3540 ό
512 3465 680 3559 Ἰωάννης,
704 3466 721 3542 ὁ
745 3472 890 3561 ίῶμενος
911 3469 1009 3563 ήμῶν
1031 3477 1086 3543 καὶ
1109 3477 1205 3560 σῶμα
1231 3477 1287 3540 καί
1309 3467 1437 3558 φυγήν,
1454 3487 1539 3542 31οΡ

126 3569 193 3640 τὸν
222 3566 333 3639 ἀίδιον
363 3567 564 3658 ἄνθρωπον,
590 3566 722 3659 Ἰησοῦς,
758 3569 816 3642 »οά
846 3579 922 3662 περὶ
953 3579 1028 3643 τῶν
1058 3567 1232 3661 ἡμετέρων
1263 3575 1299 3640 δὲ
1328 3565 1437 3655 μόνον

127 3665 312 3757 άμαρτιῶν,
335 3664 496 3740 ἀλλὰκαὶ
519 3677 594 3758 περὶ
622 3664 706 3743 όλου
737 3680 800 3744 τοῦ
831 3670 966 3761 κόσμου.
1017 3680 1074 3743 καὶ
1104 3677 1141 3743 ἐν
1172 3667 1287 3756 τούτῳ
1318 3668 1439 3757 γιγνῶ-

127 3791 252 3853 σκομεν
275 3760 329 3838 ότι
352 3768 547 3859 ἐγνώκαμεν
570 3767 686 3857 αὐτόν,
717 3773 777 3843 ἐὰν
809 3775 869 3857 τάς
899 3773 1043 3856 ἐντολάς
1073 3768 1179 3843 αὐτοῦ
1210 3775 1375 3857 τηροῦμεν.
1418 3761 1471 3842 ό3

128 3875 239 3955 λέγων
261 3859 316 3938 ότι
339 3869 470 3956 ἔγνωκα
493 3866 608 3958 αὐτόν,
635 3879 692 3942 καί
715 3870 775 3956 τάς
797 3873 940 3956 ἐντολὰς
956 3870 1061 3944 αὐτοῦ
1082 3871 1127 3962 μή
1143 3877 1269 3958 τηρῶν,
1292 3867 1439 3954 ψεύστης

75 3979 109 4032 35
128 3971 208 4052 ἐστί,
229 3973 286 4037 καὶ
308 3970 344 4036 ἐν
365 3967 480 4058 τούτῳ
502 3968 522 4060 ή
547 3966 693 4060 ἀλήθεια
719 3970 782 4044 σῦκ
804 3976 908 4045 ἐστιν·
937 3967 974 4055 ὃς
1002 3968 1033 4043 δ’
1058 3969 1099 4042 ἀν
1127 3977 1212 4058 τηρῇ
1244 3965 1349 4039 αῦτοῦ
1376 3965 1439 4037 τόν

129 4065 242 4155 λόγον,
266 4061 407 4155 άληθῶς
429 4072 466 4139 ἐν
488 4069 603 4162 τούτῳ
629 4072 649 4162 ή
672 4068 785 4164 ἀγάπη
808 4081 871 4145 τοῦ
886 4079 970 4146 θεοῦ
993 4078 1216 4143 τετελείωται,
1263 4071 1300 4136 ἐν
1323 4063 1438 4152 τούτῳ

214 4223 288 4279 2-5
307 4225 362 4292 vgl.
379 4225 390 4278 I
409 4223 478 4279 Tim.
496 4231 521 4296 4,
540 4229 608 4284 6-8
634 4261 666 4270 -
693 4232 764 4287 ε’)-ί
794 4230 892 4286 ITim.
911 4233 934 4292 δ,
952 4231 968 4283 2
986 4255 1019 4268 -·
1039 4225 1131 4282 7-14
1150 4223 1226 4277 Rbm.
1246 4223 1286 4288 12,
1304 4220 1388 4276 8-13
1407 4249 1438 4258 —

130 4307 230 4362 29-8.
250 4307 319 4372 290,
338 4309 356 4363 ⁴2
375 4307 387 4360 I
407 4309 468 4364 Joh.
487 4313 511 4376 2,
530 4314 598 4371 2-6

216 4444 253 4498 1⁹
281 4439 493 4514 ίνκενεάναται
511 4449 547 4504 1³³
565 4446 761 4524 εγγεγραφπε
781 4453 818 4506 P*
843 4453 847 4520 l
872 4452 912 4506 εο
938 4447 1013 4514 σου
1032 4445 1062 4498 ετ
1077 4447 1081 4511 l
1097 4443 1133 4498 τε
1160 4439 1322 4512 εκροεσεαι
1340 4436 1440 4490 ww

131 4523 275 4600 ἆκρᾶσίίαι
292 4527 375 4582 Ρ*Μ*
391 4533 395 4597 Ι
411 4530 447 4588 2⁷
469 4534 664 4592 διδασκαλεῖον
683 4538 762 4592 Schw
781 4537 821 4603 είς
838 4533 927 4592 καλὸν
946 4531 967 4585 Ρ
992 4534 995 4598 Ι
1020 4527 1066 4598 ίῇδε
1084 4529 1119 4581 1²³
1137 4523 1183 4596 ῇδε
1201 4526 1239 4579 Ρ*
1263 4526 1267 4592 l
1292 4523 1328 4578 81
1349 4519 1440 4577 ἀίδιον

132 4611 177 4666 wi
195 4607 265 4668 ίδισν
282 4611 304 4666 Ρ

177 4697 287 4744 clemens
301 4699 319 4744 1.
1193 4695 1225 4748 19
