3520 5498
279 396 318 458 48
870 388 1002 442 Clemens.

280 548 390 637 λικός,
422 555 457 621 αἳ
487 551 527 639 δὴ
559 559 620 642 τῆς
642 558 820 638 θεοδοξίας
848 549 888 622 τὸ
917 558 1024 643 σχῆμα
1051 559 1094 640 τῇ
1116 545 1179 638 ῦλη
1201 559 1487 638 περιτεθείκασιν;
1518 549 1593 624 ῦλλ

280 648 372 742 ῦμεῖς
394 657 455 738 μὲν
478 645 572 733 ὅπως
593 645 714 723 ποτὲ
696 682 714 721 ο
730 648 910 740 ῦνδριὰς
892 644 946 722 bu
955 649 1112 771 μηὶλιστα
1135 648 1349 736 σίραιότατος
1366 658 1593 742 τεκταίνηται

281 769 578 840 προσκαρτερεῖτε,
611 745 707 833 ὅπως
738 757 773 821 δὲ
803 747 901 821 αὐτοὶ
924 750 968 840 μὴ
992 743 1103 868 ῦμοιηι
1126 747 1172 822 δι’
1194 747 1420 878 ἀναισθησίαν
1441 772 1512 837 τοῖς
1536 747 1593 823 ῦι-

282 856 414 937 δριᾶσιν
436 848 707 940 ἄποτελεσθῆτε
732 849 773 922 οῦ
795 859 1009 938 φροντίζετε·
1036 845 1127 921 πάνυ
1149 857 1233 938 γοῦν
1255 853 1416 944 ἐμφανῶς
1436 860 1491 922 καὶ
1515 877 1590 922 συν·
1607 863 1624 914 4

248 947 397 1040 ϋτόμως
424 946 443 1022 6
467 951 683 1041 προφητικὸς
713 955 837 1039 ἐλέγχει
868 950 933 1039 τὴν
963 947 1148 1039 συνήθειαν
1179 946 1281 1038 λόγος
1309 944 1363 1021 ῦτι
1392 948 1538 1034 »πάντες
1561 956 1593 1022 οἱ

281 1058 357 1122 θεοί
390 1057 464 1122 τιῦν
495 1055 613 1122 ἐθνῶν
638 1056 825 1139 δαιμονίων
852 1057 933 1120 εἰσὶν
959 1054 1094 1120 εἴδωλα·
1122 1045 1140 1120 6
1164 1055 1199 1119 δὲ
1222 1048 1303 1132 θεός
1325 1049 1405 1133 τοῦς
1427 1047 1594 1138 οῦρανοῦς

282 1154 457 1239 ἐποίησεν(
487 1149 612 1221 καὶτὰ
640 1147 922 1238 ἐντῷοῦρανῷ.
969 1149 1185 1238 πλανώμενοι
1209 1155 1292 1237 γοῦν
1319 1179 1407 1232 τινες
1429 1155 1591 1221 ἐντεῦθεν
1608 1166 1670 1231 63‚1
1742 1175 1751 1228 ,³

283 1245 345 1320 οῦκ
367 1245 437 1321 οἶδ’
461 1243 558 1332 όπως
581 1258 681 1321 θείαν
703 1256 763 1336 μὲν
786 1257 922 1337 τέχνην.
957 1247 1048 1338 πλὴν
1070 1244 1149 1320 ἀλλ’
1173 1245 1214 1318 ού
1235 1248 1320 1320 θεὸν
1342 1257 1594 1336 προσκυνοῦσιν
1744 1237 1752 1343 ί

283 1344 382 1438 ἥλιόν
414 1377 451 1418 τε
482 1355 537 1419 καί
569 1346 715 1437 σελήνην
745 1355 800 1418 καί
832 1347 895 1420 τὸν
926 1348 1033 1421 ἄλλον
1065 1355 1138 1418 τῶν
1169 1345 1324 1434 ἀστέρων
1348 1345 1464 1436 χορόν.
1487 1377 1592 1434 παρα·
1746 1346 1750 1367 ¹

232 1466 266 1519 10
283 1445 396 1536 λόγως
420 1447 564 1531 τούτους
586 1448 689 1531 θεοὺς
711 1445 1026 1538 ὑπολαμβάνοντες,
1050 1449 1092 1518 τὰ
1115 1441 1243 1536 ὄργανα
1265 1454 1328 1518 τοῦ
1342 1445 1476 1536 χρόνον.
1522 1455 1593 1538 »τῴ

282 1547 345 1637 γὰρ
364 1557 369 1636 Ι
389 1543 482 1638 λόγῳ
519 1544 626 1620 αύτοῦ
662 1548 919 1638 ἐστερεώθησαν
954 1555 1009 1616 καὶ
1040 1556 1091 1637 τῷ
1122 1546 1289 1636 πνεύματι
1325 1555 1387 1619 τοῦ
1422 1547 1592 1636 στόματος
1610 1569 1643 1622 19
1660 1567 1700 1622 S?
1748 1581 1751 1627 ι

284 1643 391 1720 αῦτοῦ
412 1653 504 1720 πᾶσα
527 1643 547 1738 ἡ
570 1647 707 1737 δύναμις
730 1645 871 1720 αῦτοῦνπ
919 1643 997 1720 ἀλλ’
1022 1642 1041 1736 ἡ
1063 1654 1124 1735 μὲν
1146 1643 1345 1734 ἀνθρωπεία
1369 1655 1467 1737 τέχνη
1487 1653 1594 1728 οίκίας
1749 1636 1751 1651 ¹

284 1777 321 1819 τε
351 1756 407 1818 καὶ
440 1754 519 1830 ναῦς
549 1755 605 1819 καὶ
636 1745 753 1830 πόλεις
783 1755 838 1820 καὶ
870 1746 1002 1835 γραφὰς
1033 1753 1237 1836 δημιουργεῖ,
1274 1747 1356 1831 θεὸς
1387 1753 1422 1816 δὲ
1443 1755 1520 1827 πῶς
1550 1746 1594 1816 ῦν

283 1851 412 1936 είποιμι
443 1840 505 1919 ὅσα
535 1868 640 1932 ποιεῖ,·
674 1841 757 1919 ὅλον
788 1853 836 1918 ίδε
868 1847 930 1917 τόν
952 1845 1097 1934 κόσμον,
1126 1851 1258 1918 ἐκείνου
1281 1851 1381 1936 έργον
1403 1851 1506 1918 ἐστίν’
1537 1853 1592 1916 καὶ

233 1965 265 2018 15
283 1943 429 2033 οῦρανὸς
455 1954 511 2016 καὶ
538 1942 633 2034 ἥλιος
655 1957 710 2018 καὶ
733 1947 868 2036 ἄγγελοι
890 1952 945 2016 καλ
968 1945 1151 2032 ἄνθρωποι
1185 1948 1282 2035 »ἔργα
1309 1954 1383 2017 τῶν
1406 1945 1592 2035 δακτύλωνί

284 2043 416 2116 αῦτοῦ.ι
463 2038 524 2134 ῦση
562 2075 597 2135 γε
628 2043 649 2134 ἦ
680 2046 817 2133 δύναμις
854 2052 916 2116 τοῦ
952 2053 1046 2117 θεοῦ,
1087 2043 1196 2135 γιόνον
1232 2043 1339 2116 αῦτοῦ
1370 2045 1410 2117 τὸ
1440 2045 1592 2136 βούλημα
1609 2055 1701 2110 55Ρ3
1753 2086 1754 2094 1

282 2151 499 2234 κοσμοποιία·
525 2142 630 2232 μόνος
658 2146 720 2235 γὰρ
747 2142 766 2216 6
790 2144 870 2228 θεὸς
898 2149 1063 2233 ἐποίησεν.
1091 2151 1163 2216 ἐπεὶ
1184 2153 1240 2216 καὶ
1263 2141 1368 2233 μόνος
1390 2139 1501 2229 ὄντως
1523 2149 1593 2216 ἐστὶ

283 2241 377 2325 θεός·
406 2249 495 2332 ψιλῷ
525 2251 575 2332 τῷ
599 2244 780 2328 βούλεσθαι
803 2251 996 2333 δημιουργεῖ
1020 2253 1073 2315 καὶ
1104 2253 1154 2335 τῷ
1176 2242 1286 2332 μόνον
1308 2249 1466 2333 ἐθελῆσαι
1489 2241 1596 2316 αὐτόν

286 2341 460 2414 ἕπεται
424 2371 465 2412 το
485 2351 689 2431 γεγενῆσθαι.
733 2349 882 2416 ἐνταῦθα
905 2343 1110 2431 φιλοσόφων
1124 2350 1375 2432 παρατρέπεται
1389 2342 1492 2432 χορός
1506 2374 1593 2434 προς
1610 2361 1625 2410 4

233 2457 267 2513 20
283 2448 345 2532 μὲν
377 2441 441 2530 τὴν
471 2439 619 2561 ούρανοῦ
650 2450 734 2514 θέαν
760 2441 944 2532 παγκάλως
970 2451 1142 2532 γεγονέναι
1170 2444 1232 2515 τόν
1259 2444 1452 2534 ἄνθρωπον
1474 2439 1594 2534 ὁμολο-

285 2540 458 2631 γούντων,
491 2542 534 2612 τὰ
565 2546 645 2611 δὲ’
631 2571 668 2612 εν
698 2543 833 2663 ηῦριινῴ
866 2540 1054 2666 φαινόμενα
1084 2553 1140 2614 καὶ
1167 2537 1244 2631 όφει
1267 2542 1594 2633 καταλαμβανόμενα

284 2640 583 2730 προσκυνούντων.
626 2649 656 2713 εί
677 2640 739 2729 γὰρ
766 2651 822 2712 καί
848 2644 893 2732 μὴ
916 2640 1121 2729 ῦνθρωπινα
1149 2648 1191 2714 τὰ
1219 2647 1298 2733 ε’ργα
1322 2644 1364 2715 τὰ
1387 2649 1423 2714 ἐν
1446 2641 1593 2734 οῦρανῴ

283 2737 371 2813 ἄλλα
400 2748 483 2830 γοῦν
511 2739 711 2830 ἀνθρώποις
738 2741 1022 2838 δεδημιούργηται.
1072 2751 1127 2812 καὶ
1148 2742 1192 2832 γιίγ
1215 2742 1278 2814 τόν
1300 2739 1400 2832 ἥλιόν
1422 2772 1474 2827 τις
1496 2741 1625 2832 ύμοῦνῠ

283 2850 527 2930 προσκυνείτω,
555 2838 643 2914 ἀλλὰ
666 2842 730 2914 τὸν
752 2839 850 2930 ἡλίου
872 2841 1020 2931 ποιητὴν
1042 2845 1263 2927 ε’πιποθείτω,
1285 2849 1367 2932 μηδὲ
1386 2841 1449 2914 τὸν
1466 2840 1595 2931 κόσμον

233 2957 266 3010 25
284 2946 504 3028 ἒκθειαςέτω,
534 2940 621 3015 ἀλλὰ
649 2941 712 3013 τόν
738 2941 864 3031 κόσμου
891 2942 1093 3030 δημιουργὸν
1120 2939 1365 3031 ε’·πιζητησιὶτω.
1408 2937 1495 3032 μόνη
1519 2942 1593 3030 ἄρα.

285 3039 333 3125 τός
364 3046 490 3127 ἔοικεν,
522 3042 701 3132 καταφυγὴ
734 3049 784 3132 τῷ
816 3047 975 3130 μέλλοντι
1007 3046 1062 3110 ἐπὶ
1085 3040 1145 3124 τὰς
1166 3050 1354 3129 σωτηρίους
1376 3039 1592 3130 ἀφικνεῖσθαι

284 3141 394 3229 θύρας
429 3139 652 3214 ῦπολείπεται
688 3147 791 3226 σοφία
828 3138 937 3228 θεϊκη·
975 3145 1136 3211 ἐντεῦθεν
1168 3138 1281 3226 ὥσπερ
1312 3146 1347 3227 ἐξ
1378 3145 1471 3230 ίεροῦ
1502 3173 1594 3224 τινος

284 3237 410 3318 ἀσύλου
437 3239 548 3312 οῦδενλ
577 3237 690 3312 οῦκέτι
718 3236 885 3328 ἀγώγιμος
914 3247 987 3309 τῶν
1012 3237 1184 3328 δαιμόνων
1210 3235 1229 3310 6
1253 3239 1443 3328 ἄνθρωπος
1464 3251 1592 3329 γίνεται

285 3339 442 3411 σπεύδων
463 3347 509 3422 εἰς
532 3349 713 3430 σωτηρίαν.

233 3454 267 3508 30
367 3444 404 3507 V.
441 3436 693 3529 Ἐπιδρῦγιωμεν
715 3447 766 3522 δέ,
795 3443 821 3508 εἰ
844 3437 967 3522 βούλει,
994 3446 1049 3508 καὶ
1078 3444 1149 3510 τῶν
1172 3436 1375 3525 φιλοσόφων
1397 3439 1458 3522 τὰς
1481 3437 1588 3525 δόξας,
1607 3455 1670 3520 64,1

285 3533 365 3620 όσας
397 3535 532 3625 αῦχοῦσι
563 3547 638 3626 περὶ
670 3547 743 3608 τιῦν
777 3545 882 3622 θεῶν,
914 3543 943 3607 εί
963 3568 1039 3621 πως
1061 3545 1115 3608 καὶ
1140 3546 1346 3625 φιλοσοφίαν
1368 3536 1476 3628 αὐτὴν
1498 3569 1591 3614 κενο-

285 3639 439 3724 δοξίας(
429 3641 541 3709 ἕνεκεν
574 3634 904 3709 ῦνειδωλοποιοῦσαν
934 3637 999 3726 τὴν
1031 3631 1160 3727 ῦλην
1147 3635 1410 3728 εφεύρωγιεν,η
1442 3647 1497 3708 καὶ
1525 3646 1592 3710 δαι-

283 3737 384 3828 μόνια
429 3737 517 3808 α”ττα
562 3735 801 3824 έκθειαζοισαν
841 3737 928 3808 κατὰ
975 3737 1197 3826 παραδρομὴν
1241 3744 1454 3828 παραστῆσαι
1496 3744 1592 3827 δυνη-

284 3847 403 3926 θοῦμεν
446 3833 719 3925 όνειρεόττουσαν
762 3837 826 3928 τὴν
870 3834 1043 3927 ἀλήθειαν
1104 3853 1250 3956 στοιχεῖα
1292 3865 1353 3924 μεν
1391 3841 1453 3908 οῦν
1490 3835 1623 3926 αρχῦς2

234 3951 266 4004 35
284 3935 454 4011 ῦπελιπον
484 3935 727 4027 έξυγινήσαντες
750 3947 801 4007 &c
792 3943 863 4026 λη
895 3933 913 4008 6
937 3937 1102 4027 ίίιλὴσιος
1130 3935 1169 4006 τὸ
1193 3929 1283 4024 ιδτορ
1306 3941 1361 4006 καί
1382 3931 1504 4026 ’,ιγδναξ
1504 3941 1593 4026 ιένης

370 4195 440 4249 5-7
462 4195 534 4248 Ρεαί.
553 4197 594 4256 95,
613 4196 628 4247 5
647 4221 680 4231 -
699 4193 738 4247 λδ
757 4193 811 4261 vgl.
831 4194 897 4247 Gen.
918 4196 940 4252 1,
961 4195 991 4245 14
1010 4225 1041 4232 -
1062 4193 1175 4248 10-12
1193 4191 1266 4246 Ρεαί.
1285 4193 1325 4258 23,
1344 4193 1360 4246 6
1379 4221 1411 4230 -
1432 4191 1496 4246 151
1520 4193 1592 4246 Psal.
1650 4241 1655 4250 .

285 4281 309 4346 8,
327 4285 344 4335 4
361 4310 395 4318 —
413 4279 488 4335 130st
503 4279 558 4349 vgl.
578 4281 675 4334 strom.
694 4279 705 4328 Ι
724 4279 801 4333 5211.
820 4277 902 4342 Diels,
922 4279 1040 4347 Doxogr.
1059 4297 1083 4347 p.
1105 4275 1180 4332 129ff

371 4497 459 4554 θτδν
477 4494 565 4554 ίίλλον
586 4497 691 4550 P⁰⁰rrM
718 4503 774 4550 τῶν
800 4490 893 4550 ίίλλων
912 4495 949 4548 1³ss
967 4497 969 4562 ί
987 4497 1024 4550 19
1044 4494 1241 4568 περιτρέπεται
1259 4493 1407 4548 Markland
1422 4492 1427 4562 Ι
1443 4494 1480 4548 θλ
1501 4487 1542 4563 εἴ]
1561 4492 1594 4563 ἢν

285 4585 332 4638 Ma
356 4584 360 4652 1
386 4582 425 4638 8⁴2
446 4577 462 4651 ἢ
480 4580 554 4635 Diels
572 4599 599 4650 p.
621 4583 669 4638 129
687 4577 714 4636 εί
731 4583 751 4634 Ρ
768 4581 824 4648 135
843 4577 980 4637 ἀπέλιπον
1000 4579 1085 4634 cobet
1104 4581 1153 4633 ‘247
1171 4576 1325 4636 α’πέλειιιον
1343 4579 1365 4632 Ρ
