3520 5480
605 383 733 438 Scholion
751 401 813 438 zum
830 381 1018 452 Paedagogus.
1197 379 1199 384 ’
1405 389 1466 453 323

154 572 209 620 σιν
233 547 297 638 τὴν
318 547 371 618 διά
394 545 501 636 ἄρτου
522 553 579 617 καὶ
601 552 697 619 οίνου
718 545 882 636 μυστικὴν
905 542 984 634 ἡμῖν
999 544 1140 634 τελετὴν
1154 541 1379 634 παραδόντος,
1402 546 1465 618 τόν

156 648 266 736 ἄρτον
286 653 349 737 μὲν
369 652 424 717 καί
443 643 506 717 τὸν
528 647 626 718 οίνον
647 649 694 729 είς
715 654 811 732 σῶμα
833 651 889 716 καὶ
904 645 985 735 αίμα
1000 646 1123 717 ἑαυτοῦ
1137 653 1351 718 διατυπῶσαι
1365 676 1466 736 κατη-

156 745 324 836 ξιωκότος
344 753 400 818 καὶ
421 739 481 816 {ivs
504 755 627 818 σπίλον
648 745 780 828 παντὸς
795 742 976 833 άνεπάφου
989 751 1053 816 τοῦ
1066 751 1164 816 θείου
1179 743 1307 816 τοῦτου
1320 743 1466 835 σκήνους

156 845 418 934 ἀναδειχθέντος
438 853 495 917 καὶ
517 853 564 928 είς
585 843 761 937 ἡμετέρων
781 852 934 935 κηλίδων
956 841 1118 934 ἁγνισμὸν
1140 841 1218 934 ἡμῖν
1240 851 1467 934 παρασχεθέν-

120 964 137 1016 5
157 976 219 1029 τος
241 951 434 1035 ἐπέγνωμεν
456 941 685 1034 ἀτρεκέστατα
700 944 837 1031 πάντες,
861 942 910 1028 τίς
923 942 945 1033 ἡ
960 949 997 1016 ἐν
1011 949 1095 1034 οἴνῳ
1115 950 1344 1034 καθαιρομένη
1360 945 1467 1034 στολὴ

158 1043 257 1136 ἡδιὰ
278 1051 341 1118 τοῦ
370 1043 505 1128 πάθους
535 1051 599 1117 τοῦ
627 1054 748 1136 κυρίου
777 1051 1035 1133 παραδηλοῦται
1065 1051 1250 1134 οἰκονομία,
1282 1040 1323 1115 δι’
1355 1037 1394 1133 ἧς
1416 1051 1467 1134 τῷ

157 1153 302 1235 καθαρῷ
333 1152 387 1216 καί
418 1152 703 1236 λελαμπρυσμένῳ
735 1142 881 1234 ἐκάθαρε
906 1141 1035 1233 κόσμον
1056 1145 1229 1231 ῥυπῶντα.
1272 1152 1328 1214 καὶ
1350 1137 1405 1214 ότι
1427 1143 1468 1215 τό

160 1243 332 1335 σωτήριον
354 1242 433 1336 ἡμῖν
455 1243 570 1328 πάθος
592 1250 769 1336 ἐμφαίνειν
791 1248 900 1316 ἔοικεν
923 1239 1022 1335 δτὴν
1038 1242 1222 1332 περιβολὴν
1237 1244 1331 1326 οἰνος
1345 1241 1468 1315 ἐκπλῦ-

159 1374 242 1429 νων,
276 1339 362 1433 ἡτῇ
391 1353 505 1434 γραφῇ
527 1343 679 1436 συνήθης
709 1347 981 1427 ἐπαναδίπλωσις
1002 1347 1147 1433 ίμπεδοῖ,
1179 1341 1264 1432 μετὰ
1285 1341 1349 1413 τὸν
1370 1343 1469 1416 οίνον

104 1462 141 1516 10
159 1451 216 1515 καὶ
237 1451 411 1534 σταφυλῆς
427 1449 567 1534 αἵματος
589 1443 907 1534 διαμνημονεῦσυσα.
936 1439 958 1532 ἢ
973 1451 1068 1524 τίνος
1082 1441 1146 1532 γάρ
1162 1441 1280 1526 ἄλλου,
1296 1448 1470 1532 σταφυλῆς
1501 1489 1506 1500 ·

161 1537 264 1628 ὄντος
285 1541 450 1632 σταγόνος
465 1551 529 1617 τοῦ
543 1549 649 1629 οίνου,
672 1541 712 1614 τὸ
736 1544 816 1634 αίμα
838 1547 988 1614 ἐνταῦθα
1011 1539 1275 1632 ἦάναδίπλωσις
1290 1541 1469 1628 παραβῦει;

160 1651 217 1714 καὶ
239 1637 333 1716 οῦτω
363 1651 425 1731 μὲν
453 1652 510 1715 καὶ
533 1639 553 1734 ἦ
575 1649 612 1714 ἐν
644 1647 728 1732 οίνῳ
760 1649 1022 1733 λαμπρυνομένη
1053 1638 1172 1727 στολή·
1215 1645 1248 1712 οί
1270 1647 1305 1712 δὲ
1324 1646 1471 1731 χαροποί

162 1739 338 1833 ὀφθαλμοὶ
359 1740 428 1816 άπὸ
451 1749 547 1815 οίνου
568 1752 621 1826 τίς
643 1739 686 1815 ἂν
709 1745 825 1832 ἕτερον
846 1742 1107 1814 ῦπαινίττεσθαι
1131 1747 1265 1830 οἰηθείη
1286 1739 1373 1830 εἰμὴ
1388 1740 1470 1824 τοῦς

162 1841 392 1927 διδασκάλους,
424 1847 458 1916 οἳ
478 1849 539 1933 τῆς
562 1840 630 1914 ἀπὸ
653 1851 717 1915 τοῦ
738 1849 836 1913 θείου
856 1839 992 1925 πάθους
1013 1847 1145 1929 τρυφῆς
1166 1839 1469 1912 ἐνθεαστικαότατα

108 1961 147 2014 15
164 1943 229 2033 τὴν
250 1941 444 2032 γνωστικὴν
466 1945 534 2030 ἕξιν
555 1938 783 2032 ἡκριβωκότες
798 1948 854 2012 καί
869 1939 977 2030 ταῦτη
993 1940 1169 2012 ακοπεύειν
1184 1947 1259 2011 των
1275 1939 1471 2030 μαθητιών·

163 2073 239 2114 των
262 2039 412 2131 ἀγαθοὺς
434 2050 490 2114 καὶ
511 2043 636 2126 κακοῦς
658 2039 986 2131 κατευμεγεθηκότες
1016 2034 1236 2128 κατάλληλόν
1259 2045 1372 2110 τεκαὶ
1394 2037 1471 2128 σύμ-

164 2171 291 2234 μετρον
321 2151 364 2231 τῇ
394 2139 538 2215 ἑκάστου
569 2140 706 2232 δυνάμει
736 2149 809 2212 τῶν
840 2147 1023 2230 νηπιωδῶς
1054 2137 1273 2230 προσιόντων
1293 2135 1354 2227 οῦχ
1376 2133 1472 2220 ὅπως

164 2251 240 2313 τῶν
270 2239 438 2332 γάλακτος
469 2246 655 2332 δεομένων,
695 2238 782 2314 ἀλλὰ
814 2249 870 2312 καὶ
898 2247 973 2312 τῶν
1015 2246 1079 2324 »εἰς
1109 2239 1214 2326 ἄνδρα
1246 2243 1379 2310 τέλειον
1409 2244 1472 2310 τοῦ

164 2343 394 2431 πληρώματος
409 2347 472 2413 τοῦ
487 2347 656 2428 Χριστοῦ(
673 2339 946 2431 κατηντηκότων
961 2342 1105 2429 ἑτοίμως
1128 2343 1260 2427 ἔχουσιν
1275 2337 1339 2427 τὴν
1354 2334 1472 2410 εῦκατ·

111 2459 147 2514 20
166 2449 330 2530 έργαστον
360 2441 495 2530 τροφὴν
526 2445 661 2530 ἐπιχεῖν.
705 2443 738 2513 οί
758 2437 792 2513 δ’
816 2437 915 2512 αὐτοί
935 2469 992 2530 μοι
1023 2446 1159 2513 δοκοῖεν
1180 2446 1236 2510 καὶ
1260 2445 1306 2520 είς
1327 2433 1473 2520 ὀδόντας

167 2538 437 2630 άλληγορεῖσθαι,
454 2534 513 2611 άτε
529 2540 594 2629 τὴν
609 2537 783 2630 σωτήριον
798 2540 933 2631 τροφὴν
946 2539 1176 2620 κατανῦοντες
1191 2541 1322 2611 ἐκείνου
1337 2535 1472 2620 τοῦτον,

166 2634 207 2712 οῦ
240 2649 393 2731 »βρῶμω
426 2648 481 2710 καὶ
512 2637 606 2729 πόμα
638 2637 676 2729 »ἦ
708 2647 771 2710 τοῦ
803 2646 971 2729 πατρικοῦ
1002 2637 1214 2728 θελήματος(
1249 2633 1474 2726 εὐαρεστεῖται

170 2748 391 2823 »τελείωσιςα
413 2745 458 2809 P²
479 2746 513 2826 (f.
536 2751 606 2812 402.
628 2749 701 2827 403)
723 2745 783 2809 FM
1000 2817 1002 2824 Α

251 2849 299 2923 99,
321 2851 361 2912 26
370 2846 398 2909 ff
416 2847 558 2927 νηπίους
580 2836 666 2930 ἡμᾶς
689 2839 848 2923 βούλεται
870 2841 955 2910 εῖναι
977 2846 1032 2910 καί
1055 2841 1171 2908 παιδία
1194 2831 1235 2906 οῦ
1258 2842 1309 2925 τῷ
1332 2831 1474 2923 εῦπαρα-

114 2955 148 3009 25
166 2941 298 3030 γοίγονς
320 2941 406 3011 είναι
428 2958 500 3022 τοῖς
521 2945 741 3028 βουλομένοις
763 2946 819 3010 καὶ
841 2935 1124 3028 εῦπεριτρέπτους
1138 2940 1194 3005 καί
1208 2933 1294 3024 πρὸς
1316 2933 1359 3005 τὰ
1374 2933 1475 3023 μικρά

166 3047 221 3110 καὶ
243 3047 428 3128 χαμαίζηλα
449 3035 671 3127 εῦπτοήτους,
695 3035 783 3111 ἀλλὰ
804 3045 848 3126 τῇ
870 3034 985 3127 άδόλῳ
1008 3031 1178 3122 ἁπλότητι
1200 3040 1255 3103 καὶ
1279 3029 1473 3121 άπεριέργῳ,

168 3135 225 3224 ἀφ’
258 3129 298 3210 οῦ
328 3144 383 3209 καί
405 3145 542 3222 Παῦλος
573 3139 614 3211 τὸ
650 3137 711 3228 »μὴ
742 3142 859 3209 παιδία
890 3145 1025 3227 γίνεσθε
1056 3151 1129 3215 ταῖς
1160 3140 1286 3221 φρεσίν,
1317 3125 1404 3203 άλλά
1432 3139 1475 3220 τῇ

167 3245 266 3329 κακίᾳ
289 3235 478 3327 νηπιάζετε,
501 3257 575 3323 ταῖς
597 3245 633 3310 δὲ
655 3244 751 3326 φρεσὶ
774 3244 923 3310 τέλειοι(
948 3241 1009 3306 FM

254 3348 319 3422 102,
345 3349 381 3408 14
403 3331 435 3426 ᾖ]
459 3335 537 3410 άντὶ
559 3345 624 3410 τοῦ
643 3335 742 3408 καθά.
763 3341 825 3408 FM

117 3451 151 3504 30
255 3448 322 3521 103,
345 3448 364 3509 6
387 3444 457 3523 Δία]
494 3435 554 3527 οὐχ
585 3435 633 3522 τός
667 3435 915 3526 ἀποδεχόμενος
950 3433 1014 3506 τὸν
1037 3427 1185 3522 Ἕλληνα
1219 3437 1332 3520 μῦθον
1369 3435 1476 3501 ταῦτα

169 3546 400 3626 παρατίθησιν
421 3537 465 3607 τὰ
486 3545 563 3626 περὶ
579 3545 643 3611 τοῦ
658 3535 745 3621 Διός,
767 3532 840 3610 ἀλλ’
865 3541 919 3607 ίνα
941 3541 1039 3620 δείξῃ,
1063 3526 1117 3603 ότι
1139 3536 1194 3600 καί
1216 3529 1259 3601 τά
1281 3525 1349 3602 ῦπό
1363 3525 1476 3620 (Ελλή-

169 3665 243 3707 νων
264 3634 483 3725 πλαττόμενα
504 3635 566 3709 οῦκ
590 3642 653 3725 ἔξω
677 3643 839 3728 λογισμοῦ
860 3643 915 3707 καὶ
938 3640 1001 3707 τοῦ
1022 3630 1154 3714 εἰκότος
1176 3635 1392 3718 προφέρεται.
1415 3633 1477 3698 FM

256 3746 323 3820 103,
349 3747 386 3807 12
407 3745 551 3824 παίζων]
578 3735 764 3827 Γρηγόριος
785 3733 804 3809 ό
827 3731 990 3824 θεολόγος
1012 3737 1049 3804 έν
1079 3749 1152 3812 τοῖς
1178 3731 1303 3800 ἔπεσιν·
1349 3736 1477 3814 »παίζει

170 3842 226 3907 καὶ
248 3833 351 3925 λόγος
373 3835 472 3918 αίπῦς
495 3842 617 3910 είδεσιν
639 3843 676 3908 ἐν
698 3845 892 3918 ποικίλοις(
918 3839 969 3903 M²

256 3989 294 4044 18
307 3989 362 4060 vgl.
376 3991 457 4046 Hebr.
470 3995 494 4058 5,
508 3993 602 4048 121-
615 3993 652 4049 18
663 3992 678 4047 1
688 3991 785 4062 Ephes.
798 3995 823 4058 4,
836 3993 868 4046 13
880 4019 913 4029 -
927 3988 992 4044 221
1006 3987 1067 4042 Joh.
1079 3987 1103 4052 4,
1117 3986 1149 4039 34
1162 4014 1194 4022 -
1208 3983 1274 4038 271
1288 3983 1300 4034 1
1314 3981 1378 4036 Kor.
1392 3983 1432 4044 14,
1444 3983 1478 4036 20

170 4105 203 4113 -
222 4073 282 4129 381
297 4075 378 4146 Greg.
395 4094 451 4131 von
468 4077 534 4132 Naz.
554 4077 641 4131 Carm.
660 4076 744 4132 theol.
763 4075 804 4130 12
822 4091 904 4129 carm.
923 4075 947 4137 2,
960 4073 1010 4128 589
1028 4071 1132 4140 (Migne
1144 4068 1169 4122 S.
1183 4067 1228 4121 Gr.
1241 4065 1295 4122 vol.
1308 4068 1340 4120 37
1354 4063 1404 4120 eol.
1417 4065 1477 4125 6241

256 4208 275 4262 4
293 4206 520 4282 ἀναδειχθέντος]
543 4208 766 4282 άποφανθέντος
778 4209 813 4262 P²
828 4211 832 4278 Ι
849 4208 888 4264 10
899 4203 1131 4275 διαμνημδνουσα
1145 4201 1173 4254 Μ
1190 4203 1194 4268 1
1212 4201 1249 4256 12
1261 4199 1395 4270 χαρωπυί
1407 4197 1458 4272 PM
1472 4197 1476 4265 1

173 4292 232 4348 151
246 4299 304 4348 τῶν
320 4293 530 4366 μαθητιώνῖων
547 4295 773 4367 (μαθητειδντων
786 4295 824 4359 Μ)
843 4302 877 4352 <
894 4291 948 4360 1³²1
965 4291 1003 4346 10
1022 4285 1224 4360 ἀγαθαθοῦςΕ
1239 4287 1244 4351 Ι
1258 4284 1307 4338 καί
1322 4281 1429 4347 κακοῦς
1445 4291 1479 4341 <

172 4377 208 4430 P²
222 4379 227 4444 Ι
241 4395 273 4433 τε
285 4387 317 4438 <
329 4381 365 4433 P²
379 4382 383 4448 Ι
400 4381 435 4436 17
457 4381 621 4454 προϊόντων
633 4381 683 4435 FM
699 4382 703 4447 Ι
721 4379 759 4435 19
778 4371 889 4448 ἔχουσιν
907 4375 938 4430 St
955 4369 1031 4445 ἔχειν
1042 4370 1130 4427 P²FM
1144 4373 1149 4439 1
1165 4370 1205 4425 20
1222 4367 1252 4424 δε
1264 4367 1300 4420 Ρ2
1315 4368 1319 4434 Ι
1334 4367 1371 4421 21
1391 4383 1478 4422 κατα-

172 4459 297 4532 νάονιες]
313 4463 544 4536 καταμηνίοντες
556 4467 633 4522 Fcorr
648 4469 652 4536 Ι
668 4464 707 4521 84
725 4465 784 4534 καί]
802 4459 857 4534 γὰρ
877 4462 956 4530 Greg.
973 4462 977 4528 Ι
993 4456 1024 4516 ἐν
1045 4453 1127 4512 εἴδεσι
1144 4454 1352 4510 παντοδαποῖσι
1370 4450 1451 4519 Greg.
1477 4451 1481 4518 ί

174 4544 313 4651 πῦίάίλοις
331 4585 389 4656 (sic)
409 4588 452 4642 Μ2

1215 4658 1269 4712 21*
