3510 5474
319 434 380 496 242
908 423 1040 478 Clemens.

320 598 417 678 ληλοι
439 593 551 660 ἱκαναὶ
566 593 744 676 πληρώσαι
760 585 824 675 τὴν
846 595 1059 714 λαιμαργίαν·
1083 604 1155 668 τοῖς
1177 591 1211 656 δὲ
1227 583 1444 674 φιλοχρόσοις
1463 593 1521 656 καί
1537 599 1642 673 φιλο-

300 687 509 805 ’πορφύραις
529 694 585 760 καί
607 694 804 774 φιλολίθοις
834 681 914 759 οὔτε
945 683 1070 777 δδπερ
1091 693 1153 776 γῆς
1174 681 1271 756 xal‘
1251 685 1318 756 υπὸ
1335 691 1409 808 γῆν
1416 685 1621 807 χρυσόςαι

319 787 446 908 τάρκης
468 779 547 859 οὔτε
568 816 588 877 η
578 782 738 874 Ὕυρίων
760 782 920 859 θάλαττα
942 781 1021 860 οὔτε
1043 786 1110 912 μῆν
1132 780 1151 858 6
1175 783 1303 906 φόρτος
1326 780 1345 856 6
1367 783 1415 857 61
1416 779 1558 858 ’Ἰνδῶν
1576 797 1639 858 καὶ

319 883 513 973 Αἰθιόπων,
546 883 621 1010 622³
653 883 730 959 0666
761 881 1030 970 δΠακτωλόςδ
1062 887 1152 975 ῥέων
1182 884 1246 956 τὸν
1276 891 1440 958 πλοῦτον.
1484 883 1614 958 οὐδ’
1591 903 1675 960 av?

285 1011 301 1062 5
320 993 427 1070 Μίδας
443 1016 495 1072 τις
517 983 634 1059 αδτών
656 993 803 1076 γένηται,
825 984 1057 1077 πεπλήρωται,
1081 982 1207 1058 άλλόι’Ι
1192 1014 1241 1056 ετι
1263 991 1368 1074 πένης
1390 989 1459 1056 ἐστὶ
1475 992 1640 1058 πλοῦτον

320 1086 428 1159 ἄλλον
459 1093 597 1174 ποθῶν,
630 1088 759 1177 ἐτοιμοι
789 1091 824 1156 δέ
850 1077 948 1177 οὗτοι
970 1096 1224 1158 συναποθανεῖν
1244 1093 1381 1174 χρυσίῳ.
1423 1091 1452 1155 εί
1473 1090 1510 1154 δὲ
1531 1093 1590 1156 καὶ
1618 1082 1639 1158 6

319 1191 475 1271 Πλοῦτος
506 1181 644 1272 τυφλός,
676 1183 790 1274 ώσπερ
813 1178 884 1265 οὖν,
916 1189 949 1258 αἱ
971 1190 1047 1272 περὶ
1070 1181 1177 1255 αδτδν
1199 1187 1405 1274 ἐπτοημένοι
1425 1191 1482 1256 καὶ
1505 1209 1638 1272 συμπα-

319 1291 443 1356 θοῦσαι
464 1293 539 1368 πῶς
561 1281 603 1355 06
624 1285 904 1371 τυφλώττουσιν;
927 1278 1011 1374 ὅρον
1033 1291 1115 1373 γοῦν
1137 1288 1317 1373 ἐπιθυμίας
1341 1283 1404 1357 οδκ
1426 1288 1562 1372 ἐχουσαι
1584 1294 1637 1368 εἰς
1655 1305 1670 1356 3

320 1381 559 1472 ἀναισχυντίαν
582 1390 828 1471 ἐξοκέλλουσιν·
872 1391 923 1455 δεῖ
943 1383 1004 1474 γὰρ
1027 1382 1143 1466 αόταίς
1163 1391 1217 1454 καὶ
1240 1381 1390 1472 θεάτρου
1412 1391 1468 1454 καὶ
1490 1392 1636 1475 πομπῆς
1740 1455 1741 1466 ,

269 1507 303 1560 10
319 1491 374 1554 καὶ
397 1481 552 1573 πλήθους
574 1491 715 1556 θεατῶν
734 1492 791 1554 καί
812 1482 943 1572 πλάνης
968 1489 1005 1573 ἐν
1025 1489 1126 1572 ίεροῑς
1147 1494 1204 1555 καί
1225 1490 1287 1574 τῆς
1308 1489 1345 1554 ἐν
1367 1500 1440 1564 τοῖς
1461 1481 1635 1572 άμφόδοις

321 1589 503 1674 διατριβῆς,
526 1580 573 1666 ώς
594 1591 697 1658 πᾶσιν
718 1581 821 1667 αδτάς
844 1592 997 1672 γίνεσθαι
1018 1601 1233 1670 καταφανεῖς.
1268 1589 1474 1672 κοσμοῦνται
1494 1583 1559 1672 γάρ
1575 1588 1668 1658 ίναι
1740 1645 1741 1656 ,

321 1681 437 1766 ἄλλοις
459 1680 631 1772 άρέσκοιεν
654 1688 687 1756 αἱ
710 1689 747 1756 ἐν
768 1681 945 1773 προσώπῳ
973 1693 978 1767 Ι
1005 1684 1226 1771 καυχώμενοι,
1258 1679 1320 1753 οὐκ
1342 1688 1378 1754 ἐν
1400 1690 1534 1773 καρδίᾳ·
1580 1682 1632 1766 ώς
1651 1702 1731 1758 255?

320 1783 382 1872 γάρ
414 1779 478 1854 τόν
508 1789 680 1873 δραπέτην
710 1784 755 1856 τά
785 1789 958 1872 στίγματα,
990 1776 1082 1854 οότω
1114 1780 1179 1872 τὴν
1207 1788 1384 1870 μοιχαλίδα
1415 1787 1563 1853 δείκνυσι
1585 1785 1631 1854 τὰ

321 1877 521 1972 άνθίσματα.
567 1881 648 1953 »κάν
670 1881 834 1973 περιβάλη
856 1879 1018 1954 κόκκινον
1039 1889 1093 1953 καί
1116 1879 1265 1971 κοσμήσῃ
1286 1880 1401 1970 κόσμῳ
1423 1890 1551 1972 χρυσῷ,
1572 1893 1629 1954 καί

270 2003 302 2056 15
319 1985 380 2054 ἐὰν
400 1990 496 2072 χρίση
520 1991 633 2072 στίμμι
664 1983 744 2066 τούς
767 1978 970 2070 ὀφθαλμούς
1000 2007 1068 2066 σου,
1099 1987 1145 2066 είς
1166 1977 1277 2071 μάτην
1299 1976 1318 2052 6
1342 1979 1511 2068 ώραϊσμός
1534 2008 1630 2066 σουι,

320 2077 339 2154 6
362 2079 463 2172 λόγος
486 2082 539 2154 διὰ
560 2078 714 2171 Ἱερεμίου
737 2091 848 2172 φησίν.

404 2182 489 2252 Εἶτα
520 2178 582 2252 οδκ
608 2181 744 2254 ἄτοπον
770 2187 894 2263 ίππους
919 2188 981 2271 μὲν
1007 2187 1062 2250 καὶ
1090 2173 1200 2269 όρνεις
1225 2189 1282 2251 καὶ
1309 2179 1351 2252 τά
1379 2178 1466 2252 ἄλλα
1492 2189 1564 2272 ζῷα
1591 2187 1630 2252 ἐκ
1650 2205 1741 2264 11,1’

321 2285 381 2368 τῆς
413 2279 518 2370 χλόης
554 2287 609 2352 καὶ
638 2290 712 2353 τών
743 2281 921 2372 λειμώνων
952 2277 1155 2352 ἀνίστασθαι
1185 2289 1240 2350 καί
1271 2274 1479 2352 άνίπτασθαι
1510 2287 1628 2371 οίιιείῳ

319 2375 436 2467 κόσμῳ
455 2386 628 2467 χαίροντα,
650 2389 748 2470 χαίτη
764 2387 884 2470 ἱππικῇ
899 2388 954 2452 καὶ
970 2386 1068 2472 χροιᾷ
1084 2385 1208 2468 φυσικῇ
1224 2389 1280 2452 καὶ
1294 2379 1461 2468 πτερώσει
1476 2390 1629 2470 ποικίλῃ.

268 2498 302 2554 20
322 2475 369 2562 ώς
392 2483 426 2550 δὲ
448 2483 663 2568 ἐνδεέστερον
676 2488 732 2551 καί
748 2487 810 2570 τῆς
833 2490 973 2571 θηρείου
995 2479 1126 2568 φύσεως
1150 2475 1169 2568 6
1185 2478 1268 2568 γυνὴ
1282 2475 1431 2569 δκαλλῆς
1446 2487 1493 2563 είς
1508 2490 1628 2552 τοσοῦ-
1740 2515 1741 2522 “

320 2608 382 2650 τον
410 2581 495 2650 εἶναι
523 2583 639 2663 οἴεται,
667 2577 715 2664 ώς
738 2576 877 2653 δθνείου
897 2587 1029 2651 δεῖσθαι
1050 2577 1207 2662 κάλλους,
1236 2575 1373 2668 ώνητοῦ
1394 2586 1449 2649 καὶ
1471 2602 1627 2670 σκιαγρα-
1740 2577 1741 2600 ³

320 2685 508 2768 φουμένου,’
529 2677 735 2768 κεκρόῳαλοι
757 2687 819 2769 μέν
842 2709 877 2768 γε
899 2687 954 2751 καὶ
969 2677 1195 2767 κεκρυφάλων
1210 2685 1367 2766 διαφοραὶ
1384 2687 1439 2750 καί
1455 2690 1625 2770 περίεργοι
1646 2707 1663 2759 2

318 2786 453 2861 πλοκαί,
481 2775 567 2851 άλλά
594 2786 649 2850 καὶ
677 2787 750 2851 τῶν
777 2789 904 2869 τριχῶν
926 2783 958 2850 οὶ
980 2787 1091 2868 μυρίοι
1114 2785 1334 2868 σχηματισμοὶ
1355 2777 1566 2868 κατόπτρων
1588 2810 1625 2850 τε

318 2887 548 2968 πολυτίμητοι
570 2887 784 2963 κατασκευαί,
808 2879 859 2963 οἷς
881 2885 1231 2967 κατασχηματίζονται
1253 2885 1408 2967 θηρώσαι
1430 2879 1512 2962 τοὺς
1528 2888 1625 2970 δίκην

267 2995 300 3049 25
318 2982 454 3048 παίδων
481 2973 647 3066 ἀφρόνων
674 2986 751 3066 περὶ
773 2979 834 3062 τὰς
856 2977 988 3068 μορφὰς
1010 2981 1248 3066 ἐπτοημένους,
1271 2982 1390 3051 τέλεον
1412 2975 1625 3069 άπηρυθρια-

318 3084 426 3148 κυιών
448 3082 519 3149 ἐστι
541 3086 722 3166 γυναικών,
746 3077 785 3161 ἃς
808 3080 941 3166 ἑταίρας
963 3085 1081 3149 καλών
1103 3073 1164 3148 οὐκ
1187 3075 1231 3146 ἄν
1246 3105 1297 3160 τις
1312 3073 1505 3166 άφαμάρτοι
1521 3103 1623 3166 προσ-

320 3193 428 3248 ωπεῖα
449 3175 612 3260 ποιούσας
635 3178 677 3248 τά
698 3174 877 3266 πρόσωπα.
912 3174 991 3266 ἡμίν
1014 3183 1048 3248 δὲ
1071 3171 1090 3248 6
1113 3172 1214 3265 λόγος
1235 3195 1391 3263 παραινεῖ
1407 3175 1468 3266 »μὴ
1484 3197 1625 3250 σκοπεῖν
1643 3204 1659 3256 3

319 3274 361 3346 τὰ
383 3275 582 3365 βλεπόμενα,
605 3274 691 3351 ἀλλὰ
714 3278 758 3349 τά
778 3277 823 3366 μῆ
845 3274 1048 3365 βλεπόμενα·
1071 3275 1113 3346 τά
1136 3276 1199 3364 γάρ
1221 3274 1409 3366 βλεπόμενα
1423 3273 1623 3367 πρόσκαιρα.

319 3377 361 3444 τὰ
384 3376 484 3464 δὲμὴ
508 3374 706 3465 βλεπόμενα
720 3377 870 3450 αίώνιαι.
906 3370 924 3446 6
948 3380 983 3446 δέ
998 3383 1054 3446 καὶ
1068 3380 1155 3465 πέρα
1171 3370 1391 3464 τῆςάτοπίας
1405 3383 1621 3466 προβέβηκεν

267 3492 300 3545 30
319 3481 379 3561 τῆς
407 3473 618 3547 ἐπιπλάστου
643 3483 776 3565 μορφῆς
803 3482 864 3564 τῆς
891 3477 1024 3546 ἑαυτῶν
1051 3475 1127 3547 οἷον
1154 3471 1459 3597 άνδραγαθῆματός
1486 3505 1582 3560 τινος
1603 3474 1623 3564 6

318 3576 611 3661 ἐπανορθώματος
646 3573 824 3663 κάτοπτρα
855 3573 1121 3663 έπινενοήκασιν,
1158 3567 1264 3696 ἐφ’νῖ
1248 3605 1286 3663 ης
1316 3571 1450 3663 άπάτης
1479 3574 1625 3665 μάλιστα

317 3669 473 3761 κάλυμμα
504 3677 694 3745 ἐπιτιθέναι
725 3679 835 3765 ἐχρῆν
878 3671 954 3747 οὐδὲ
978 3671 1057 3802 γάρ,
1089 3672 1137 3757 ώς
1167 3671 1186 3746 6
1213 3680 1323 3764 μῦθος
1347 3671 1567 3764 Ἑλλήνων”
1552 3705 1623 3797 εχει

317 3779 498 3862 Ναρκίσσῳ
514 3775 754 3864 προεχώρησεν
770 3781 820 3864 τῷ
837 3782 931 3864 καλῷ
950 3780 1012 3864 τῆς
1028 3776 1150 3845 ἑαυτου
1135 3773 1297 3857 εἰκόνος
1311 3781 1467 3862 γενέσθαι
1483 3775 1620 3866 θεατήν.

318 3877 346 3942 εἰ
362 3878 397 3942 δὲ
413 3867 570 3960 οδδεμίαν
585 3872 699 3945 εἰκόνα
716 3868 733 3944 6
751 3881 896 3964 Μωυσῆς
911 3879 1133 3963 παραγγέλλει
1148 3885 1320 3945 ποιεῖσθαι
1334 3891 1406 3957 τοὶς
1422 3869 1622 3962 άνθρώποις
1644 3899 1705 3963 12,1

402 4010 494 4081 2vgl.
508 4010 589 4067 Plato
602 4011 704 4082 Leg.V
722 4031 747 4083 p.
761 4014 847 4067 72SA
865 4018 921 4077 πᾶς
939 4007 954 4066 6
972 4005 997 4067 τ’
1015 4010 1061 4067 ἐπί
1078 4021 1129 4082 γῆς
1145 4014 1193 4066 καί
1206 4006 1260 4066 διεδ
1274 4021 1325 4082 γῆς
1335 4011 1439 4083 χρυσός
1456 4043 1490 4051 -
1511 4014 1548 4069 12
1569 4014 1623 4084 vgl.

318 4095 568 4162 1'1K0r.5,12-
589 4097 910 4164 lllJerem.4,30-
934 4097 998 4152 201
1022 4097 1077 4166 vgl.
1097 4096 1196 4151 Pollux
1215 4095 1238 4150 V
1259 4097 1320 4158 102;
1346 4096 1459 4152 Anthol.
1478 4098 1568 4154 Palnt„
1588 4100 1624 4152 Xl

316 4180 403 4316 {0861
415 4171 499 4317 6666&
518 4187 699 4253 προσωπεῖον
711 4177 793 4252 κοδχί
805 4181 961 4253 πρόσωπον
976 4177 1060 4251 ἐχειν)
1073 4212 1105 4221 -
1119 4181 1234 4237 27—29
1252 4182 1278 4234 II
1290 4183 1354 4236 Kor.
1367 4185 1391 4247 4,
1404 4181 1437 4235 18
1448 4211 1482 4220 -
1495 4181 1622 4253 ³41ng

341 4281 375 4318 xo
397 4305 403 4317 .
437 4267 462 4326 0,
479 4268 496 4318 4

401 4365 420 4418 θ
451 4365 646 4430 ἐξοκέλλουσιν
668 4368 707 4420 Ρ3
737 4364 937 4432 ἐξοκέλλουσιν
961 4368 1002 4420 Ρ*
1026 4363 1212 4432 ἐξοκείλοισιν
1236 4365 1256 4420 F
1283 4367 1287 4434 Ι
1316 4367 1354 4422 12
1384 4363 1556 4436 προσώποις
1577 4367 1598 4422 F
1619 4367 1624 4434 Ι

319 4449 353 4504 15
372 4450 469 4516 στίμμι
488 4451 563 4519 (ίμμι
580 4453 609 4505 in
632 4451 706 4518 Rae.)
730 4453 784 4517 P²l
803 4451 840 4507 19
858 4453 940 4520 χαίτη
965 4451 1000 4504 Vi
1017 4453 1066 4505 καί
1089 4457 1123 4519 τῇ
1141 4451 1162 4502 Ρ
1178 4453 1181 4516 l
1199 4453 1238 4504 20
1261 4446 1426 4524 ἐνδεεστέρα
1451 4451 1599 4506 Markland
1621 4454 1624 4516 ί

316 4535 433 4686 {63:³66
451 4534 596 4590 Markland
615 4539 718 4605 θηρίου
736 4538 757 4590 Ρ
773 4539 777 4604 Ι
794 4536 831 4590 ‘21
851 4539 961 4593 δεῖσθαι
980 4536 1015 4588 P²
1032 4538 1119 4591 δεῖται
1139 4535 1159 4586 Ρ
1174 4537 1178 4602 Ι
1194 4531 1315 4604 ὠνητοῦ]
1335 4542 1366 4599 -ί-
1384 4542 1435 4590 τοῦ
1452 4535 1491 4590 Ρ*
1510 4539 1575 4605 (von
1594 4535 1626 4588 1³²
