3520 5498
266 387 305 448 40
857 378 990 432 Clemens.

267 547 338 614 ἐστι
360 549 432 612 τῶν
455 540 567 630 ζῴων,
599 534 661 611 όσα
687 533 766 611 οῦτε
795 533 912 627 όρασιν
940 543 1004 630 ἔχει
1027 534 1106 612 οῦτε
1129 539 1236 632 ἀκοὴν
1259 539 1336 614 οῦδὲ
1357 542 1425 632 μὴν
1447 540 1579 633 φωνήν.

268 643 344 713 οἷον
373 649 429 713 καὶ
461 639 501 711 τὸ
524 650 598 712 τῶν
625 635 779 726 ὀστρέων
807 646 917 728 γένος,
950 637 1035 712 ἀλλὰ
1059 649 1098 729 ζῇ
1121 670 1157 731 γε
1178 647 1233 712 καὶ
1257 635 1403 728 αῦξεται,
1433 643 1521 732 πρός
1543 651 1578 714 δὲ

267 749 322 810 καὶ
354 749 397 828 τῇ
428 739 550 830 σελήνῃ
582 737 776 828 συμπάσχει·
810 739 851 809 τὰ
879 745 914 810 δὲ
945 737 1122 830 ἀγάλματα
1152 739 1251 831 ἀργά,
1287 741 1457 832 ἄπρακτα,
1488 739 1579 814 άναί-

268 853 396 930 σθητα,
427 847 625 928 προσδεῖται
655 847 710 910 καὶ
740 847 1041 928 προσκαθηλοῦται
1076 849 1131 912 καὶ
1153 839 1427 931 προσπήγνυται,
1456 841 1579 931 χωνεῦ-

232 963 355 1024 5εται,
384 943 532 1030 ῥινᾶται,
560 949 708 1028 πρίεται,
737 945 938 1028 περιξέεται,
966 939 1138 1029 γλόφεται.
1179 940 1303 1030 κωφὴν
1329 948 1389 1031 μὲν
1416 941 1456 1031 δὴ
1480 956 1612 1030 γαῑανθ

269 1037 473 1127 άεικίζουσιν
505 1045 537 1111 οἱ
564 1036 847 1128 οἷγαλματοποιοί,
878 1046 939 1128 τῆς
966 1046 1089 1124 οἰκείας
1115 1038 1306 1127 έξιστάντες
1337 1040 1482 1128 φύσεως,
1512 1038 1580 1113 ῦπδ

269 1147 330 1228 τῆς
364 1147 483 1227 τέχνης
515 1157 718 1228 προσκυνεῖν
750 1134 1009 1220 ἀναπείθοντες·
1040 1146 1289 1228 προσκυνοῦσιν
1311 1148 1344 1212 δὲ
1368 1145 1400 1210 οἱ
1422 1151 1582 1212 θεοποιοὶ

1757 3193 1758 3222 Ι

1757 3487 1758 3524 Ι

1757 3531 1758 3578 Ι

269 1237 310 1310 οῦ
347 1239 450 1320 θεοὺς
485 1246 541 1309 καὶ
579 1245 740 1326 δαίμονας
769 1235 856 1308 κατά
887 1266 924 1325 γε
956 1243 1112 1329 αίσθησιν
1141 1239 1206 1328 τὴν
1236 1237 1331 1329 ἐμήν,
1367 1247 1430 1330 γῆν
1460 1247 1495 1310 δὲ
1525 1247 1581 1310 καὶ

268 1344 407 1426 τέχνην,
434 1339 477 1410 τὰ
504 1334 680 1428 ἀγάλματα
704 1331 788 1426 ὅπερ
811 1341 910 1409 ἐστίν.
954 1343 1046 1410 έστιν
1067 1339 1129 1428 γάρ
1150 1337 1199 1420 ως
1222 1334 1361 1428 άληθῶς
1383 1338 1423 1411 τό
1446 1338 1580 1429 ἄγαλμα

217 1452 250 1506 10
267 1432 332 1528 ῦλη
361 1437 464 1527 νεκρὰ
493 1447 650 1527 τεχνίτου
674 1445 758 1526 χειρὶ
778 1445 1041 1527 μεμορφωμένη·
1063 1435 1147 1528 ’ἡμῖν
1170 1443 1205 1510 δὲ
1228 1435 1288 1526 οὐχ
1309 1431 1391 1530 ῦλης
1412 1443 1579 1530 αἰσθητῆς

269 1535 449 1626 αἰσθητόν,
481 1535 609 1626 νοητὸν
632 1541 667 1607 δὲ
694 1537 735 1608 τό
763 1536 895 1626 ἄγαλμά
922 1541 1021 1608 έστιν.
1063 1535 1200 1628 νοητόν,
1231 1535 1293 1609 οῦκ
1320 1534 1488 1626 αἰσθητόν
1509 1541 1579 1608 ἐστι

188 1689 210 1725 .,
269 1636 322 1722 Ιτὸ
345 1636 488 1727 ἄγαλμα]
511 1634 529 1708 ὁ
553 1634 649 1719 θεός,
675 1632 693 1707 δ
716 1633 821 1723 μόνος
844 1630 955 1718 όντως
977 1635 1064 1720 θεός.

200 1732 204 1748 ’
351 1745 416 1807 Καὶ
453 1738 493 1827 δὴ
530 1739 676 1825 ἐμπαλιν
710 1739 747 1807 ἐν
784 1733 902 1818 αῦταῑς
937 1765 1006 1807 που
1043 1757 1117 1820 ταῖς
1153 1734 1385 1825 περιστάσεσιν
1415 1741 1448 1808 οἱ
1478 1743 1660 1814 deme-521

268 1844 436 1926 δαίμονες,
469 1841 500 1908 οἱ
531 1843 606 1906 τεῦν
638 1843 751 1908 λίθων
777 1842 1020 1926 προσκυνηταὶ,
1052 1839 1138 1927 έργῳ
1160 1833 1333 1926 μαθόντες
1354 1833 1576 1926 άναίσθητον,

217 1950 249 2001 15
266 1933 352 2026 ῦλην
374 1937 418 2026 μὴ
442 1944 564 2022 σέβειν,
597 1933 701 2024 αὐτῆς
723 1932 916 2024 ἡττώμενοι
942 1942 1003 2024 τῆς
1024 1944 1134 2024 χρείας
1156 1931 1367 2008 ἀπόλλυνται
1389 1931 1457 2007 ὑπὸ
1479 1939 1662 2009 deme-461³

268 2045 455 2125 δαιμονίας·
486 2041 787 2123 καταφρονοῦντες
819 2031 850 2104 δ’
874 2030 967 2124 ὅμως
990 2043 1063 2107 τῶν
1086 2032 1304 2125 ἀγαλμάτων,
1337 2043 1520 2122 φαίνεσθαι
1542 2041 1578 2106 δε

269 2134 314 2224 μὴ
341 2135 544 2224 βουλόμενοι
572 2132 688 2205 αὐτῶν
711 2129 802 2216 ὅλως
824 2143 1128 2223 περιφρονοῦντες,
1159 2140 1354 2223 ἐλέγχονται
1374 2131 1434 2206 ὑπ’
1459 2131 1577 2206 αῦτιῦν

268 2242 341 2304 τῶν
367 2241 476 2318 θεων,
507 2233 558 2317 οἷς
585 2234 625 2323 δὴ
653 2234 695 2304 τά
719 2231 895 2320 άγάλιιατα
917 2234 1190 2324 ἐπιπεφήμισται.
1235 2233 1408 2316 Διονύσιος
1430 2241 1491 2323 μὲν
1513 2233 1610 2323 γάρ2

268 2330 287 2405 ό
310 2332 479 2422 τύραννος
501 2329 520 2403 δ
543 2333 711 2420 νεώτερος
734 2330 918 2422 θοιμάτιον
940 2333 981 2403 τό
1002 2334 1144 2422 χρύσεον
1162 2330 1400 2423 περιελόμενος
1423 2361 1485 2403 του
1470 2331 1577 2414 Διὸς

216 2439 281 2497 20²
268 2463 306 2504 εν
329 2441 470 2525 Σικελία
501 2437 709 2521 προσέταξεν
741 2429 835 2521 αῦτῷ
867 2438 984 2518 ἐρεοῦν
1006 2440 1239 2524 περιτεθῆναι,
1261 2439 1446 2522 χαριέντως
1468 2429 1577 2521 φήσας

269 2538 374 2604 τοῦτο
390 2530 625 2620 άμεινονεῐναι
636 2538 698 2602 τοῦ
712 2538 863 2620 χρυσέου,
877 2560 934 2602 και
922 2538 1066 2621 θερουτ
1075 2561 1291 2621 κουφότερον
1301 2526 1373 2622 (όν)
1385 2539 1440 2603 καὶ
1456 2531 1578 2621 κρύους

269 2627 514 2720 άλεεινότερον.
557 2627 726 2720 Ἀντίοχος
749 2626 824 2702 δὲ
807 2660 825 2700 ο
850 2629 1079 2720 Κνζικηνὸς’
1059 2631 1292 2721 αποροῦμενος
1312 2629 1496 2752 χρημάτων
1515 2638 1610 2705 τοῦ3

269 2731 348 2814 Διὸς
379 2730 424 2801 τό
451 2730 582 2821 ἄγαλμα
614 2728 655 2802 τό
685 2739 846 2820 χρυσοῦν,
877 2739 1119 2824 πεντεκαίδεκα
1144 2738 1267 2820 πηχῶν
1294 2731 1334 2804 τό
1360 2725 1550 2820 μέγεθος
1529 2761 1578 2814 ον,

268 2838 453 2918 προσέταξε
490 2837 657 2920 χωνεῦσαι
692 2839 748 2902 καὶ
785 2836 845 2919 τῆς
868 2829 973 2918 άλλης
1005 2839 1065 2921 τῆς
1096 2829 1299 2921 ἀτιμοτέρας
1334 2825 1415 2920 ῦλης
1446 2829 1579 2920 ἄγαλμα

219 2941 251 2994 25
269 2929 511 3020 παραπλήσιον
541 2937 658 3020 ἐκείνω
690 2929 852 3012 πετάλοις
888 2939 1144 3020 κεχρυσωμένον
1173 2927 1350 3003 άναθεῑναι
1379 2927 1491 3002 πάλιν.
1544 2935 1611 3008 αἱς

270 3039 305 3103 δὲ
334 3030 506 3120 χελιδόνες
536 3038 592 3102 καὶ
623 3039 696 3101 τῶν
724 3027 856 3120 ὀρνέων
885 3027 926 3100 τὰ
952 3043 1096 3103 πλεῖστα
1118 3037 1343 3118 κατεξεραῦσιν
1364 3027 1481 3102 αὐτῶν
1505 3038 1579 3103 τῶν

157 3189 159 3199 ,
270 3128 476 3222 ἀγαλμάτων
508 3129 741 3219 εἰσπετόμενα,
779 3127 877 3203 οῦδὲν
914 3139 1148 3217 φροντίσαντα
1183 3123 1260 3204 οῦτε
1290 3126 1471 3219 Ὀλυμπίου
1502 3131 1579 3212 Διὸς

270 3225 349 3304 οῦτε
379 3227 591 3318 Ἐπιδαυρίου
617 3226 819 3318 Ἀσκληπιοῦ
846 3225 924 3302 οῦδὲ
948 3230 1020 3352 μὴν
1044 3229 1189 3321 Ἀθηνᾶς
1222 3227 1392 3313 Πολιάδος
1424 3226 1579 3318 ἢΣαρά-

270 3336 368 3413 πιδος
390 3337 594 3420 Αἰγυπτίου·
622 3326 705 3420 παρ’
735 3333 785 3401 ων
813 3326 890 3403 οῦδὲ
913 3328 1030 3402 αὐτῶν
1052 3331 1117 3420 τὴν
1139 3327 1361 3418 ἀναισθησίαν
1383 3337 1458 3401 τῶν
1479 3326 1579 3419 άγαλ-

127 3437 131 3446 ’
219 3428 391 3519 3ομάτων
413 3427 649 3518 ἐκμανθάνετε.
693 3426 767 3502 ἀλλ’
791 3435 851 3500 εἰσὶ
873 3458 934 3516 μεν
951 3435 1037 3517 (ml)
1060 3437 1249 3558 κακοῦργοί
1266 3458 1355 3512 τινες
1377 3425 1398 3516 ἢ
1419 3437 1609 3515 πολέμιοιὸ

271 3536 478 3618 ἐπιθέμενοι,
516 3533 549 3599 οἳ
584 3525 629 3596 δι’
666 3533 936 3616 αἰσχροκέρδειαν
973 3529 1127 3618 ἐδῄωσαν
1164 3529 1206 3600 τά
1237 3529 1309 3618 ἱερά
1339 3533 1395 3598 καὶ
1427 3527 1471 3599 τά
1501 3525 1581 3599 σίνα-

272 3627 410 3718 θὴματα
432 3627 595 3716 ἐσύλησαν
617 3622 639 3714 ἢ
660 3633 716 3698 καὶ
739 3625 826 3698 αὐτὰ
858 3629 1046 3714 ἐχοίνευσαν
1069 3629 1112 3701 τά
1134 3628 1320 3718 άγάλματα.
1361 3635 1417 3699 καί
1438 3633 1467 3698 εἰ
1490 3634 1579 3717 Καμ·
1597 3648 1613 3700 6

271 3727 373 3815 βῦσης
403 3758 455 3808 τις
483 3723 504 3814 ἢ
528 3733 664 3813 Δαρεῖος
691 3721 712 3813 ἢ
736 3727 839 3809 ἄλλος
865 3725 1068 3816 μαινόμενος
1095 3737 1237 3803 τοιαῦτα
1260 3728 1349 3800 άττα
1371 3731 1581 3818 ἐπεχείρησεν

358 3865 398 3921 21
411 3865 468 3934 vgl.
487 3863 542 3917 Cic.
560 3863 594 3916 de
612 3863 667 3919 div.
685 3865 710 3916 11
729 3865 762 3918 33
780 3895 812 3904 -
831 3865 874 3920 51
890 3865 946 3934 vgl.
965 3867 994 3919 Ω
1011 3869 1045 3921 54
1062 3895 1096 3904 -
1115 3867 1227 3924 18-25
1246 3866 1302 3937 vgl.
1320 3866 1422 3920 Arnob.
1442 3863 1504 3920 adv.
1522 3869 1580 3920 nat.

271 3949 310 4004 v1
327 3952 374 4089 233
393 3949 448 4004 Cic.
466 3949 500 4004 de
519 3947 592 4003 deor.
611 3952 667 4003 nat.
686 3948 770 4004 11183
784 3979 815 3988 -
828 3950 939 4006 25-27
961 3951 1016 4019 vgl.
1029 3951 1131 4006 Arnob.
1150 3951 1212 4006 adv.
1228 3953 1285 4004 nah
1298 3951 1336 4004 VI
1348 3951 1381 4004 16
1394 3979 1425 3989 -
1439 3949 1509 4005 m
1523 3949 1580 4020 vgl.

269 4035 342 4090 Horo
362 4037 394 4090 ob
410 4037 435 4100 3,
454 4035 487 4089 29

356 4153 372 4208 1
388 4146 466 4208 οἰίτε1
475 4153 523 4205 Μει
533 4146 596 4208 αι’δὲ
606 4153 627 4204 Ρ
639 4153 642 4221 Ι
655 4145 718 4208 οῦδὲ
728 4153 775 4206 Ma
785 4147 882 4208 οὔτεΡ
895 4155 924 4222 Ιθ
936 4151 980 4222 [τὰ
992 4150 1142 4223 ἀγάλματα
1152 4143 1225 4224 ὅπερ
1235 4149 1321 4222 ἐστὶν]
1332 4153 1412 4206 Sohw
1422 4145 1494 4225 δ’τιερ
1505 4147 1581 4208 ἐστίν

268 4237 303 4294 τὰ
322 4229 474 4307 ἀγάλματα
486 4233 669 4292 Οοωωεῦαυε
684 4239 688 4305 Ι
706 4236 766 4292 111
783 4237 905 4306 Ινοητόν,
925 4229 978 4292 σῦκ
994 4235 1134 4307 αἰσθητόν
1151 4233 1211 4293 ἐστι
1228 4235 1261 4292 τὸ
1280 4231 1406 4307 ἄγαλμα]
1421 4237 1457 4306 Sy
1474 4245 1581 4306 νοητοῦ

268 4321 299 4376 δέ
315 4319 350 4376 τδ
369 4315 486 4390 ἄγαλμά
512 4317 588 4377 ἐστιν
604 4319 708 4390 νοητὸν
727 4315 794 4390 [οὐκ
822 4319 960 4391 αἰσθητόν
981 4318 1041 4378 ἐστι
1057 4319 1091 4378 τδ
1110 4317 1236 4392 ἄγαλμα]
1255 4317 1271 4375 δ
1288 4319 1359 4386 θεὸς
1375 4320 1448 4376 Patr.
1466 4321 1555 4377 Faber
1575 4323 1578 4388 Ι

270 4407 308 4461 12
328 4404 371 4476 [τὸ
389 4399 514 4475 ἄγαλμα]
534 4405 580 4458 Wi
604 4409 608 4474 Ι
634 4407 670 4461 15
690 4405 863 4462 ἀπόλλυνται
881 4407 915 4458 Pl
933 4403 1110 4462 ἀπολύονται
1128 4408 1166 4459 Ρ*
1190 4411 1194 4476 Ι
1221 4408 1256 4462 17
1287 4399 1361 4471 ίίλως
1380 4406 1416 4475 Sy
1434 4396 1512 4462 ὅλων
1529 4405 1552 4460 Ρ
1577 4407 1581 4476 Ι

270 4492 310 4546 20
327 4488 369 4560 [έν
387 4491 514 4566 Σικελίᾳ]
535 4491 614 4544 Sebw
629 4493 634 4559 Ι
649 4491 683 4546 21
707 4489 829 4563 χρυσέου
847 4491 935 4546 Cobet
954 4495 1004 4546 246
1020 4493 1139 4562 χρυσίου
1158 4491 1180 4544 Ρ
1202 4494 1206 4557 Ι
1227 4487 1288 4560 <δν>
1307 4490 1354 4544 Wi
1368 4491 1374 4559 Ι
1389 4491 1429 4547 24
1447 4491 1506 4562 καί]
1523 4489 1581 4549 κάκ

270 4575 417 4629 Markland
432 4576 437 4644 Ι
453 4577 492 4632 26
510 4579 699 4644 κατεξερῶσιν
718 4577 754 4645 Sy
773 4576 881 4644 (Index)
899 4577 1117 4648 κατεξαίρονσιν
1135 4577 1157 4628 Ρ
1173 4578 1177 4645 Ι
1193 4577 1233 4634 30
1252 4575 1329 4647 (καὶ)
1348 4575 1396 4629 Wi
