3520 5480
582 423 709 480 Scholien
728 442 789 478 zum
806 423 1001 494 Protrepticus.
1384 431 1444 494 313

218 596 267 668 41,
292 595 329 657 13
352 581 586 672 Ἐλευθερέως]
619 592 681 657 τοῦ
711 591 748 658 ἐν
778 606 852 670 ταῖς
872 582 1080 672 Ἐλευθεραῖς
1103 591 1305 675 τιμωμένου·
1337 585 1445 667 τόπος

131 690 169 756 δὲ
193 691 255 773 τῆς
278 692 450 766 Βοιωτίας
473 677 582 767 οὗτος.
605 689 665 754 ΡΜ

219 797 267 869 41,
292 796 329 857 19
351 791 416 857 τοῦ
440 784 526 872 Διός]
549 784 649 858 ἄλλοι
676 791 736 874 τῆς
757 781 902 876 Ἀθηνᾶς
925 809 1036 874 φασιν,
1065 777 1116 855 σόν
1137 793 1193 856 καὶ
1218 779 1445 875 Γρηγόριοςό

132 881 313 974 θεολόγος,
335 880 380 954 δι’
405 875 458 954 ὦν
479 908 572 974 φησι·

92 1033 110 1082 5
347 1023 403 1088 καὶ
428 1025 562 1102 Φειδίας
583 1019 626 1090 τά
648 1019 786 1091 παιδικά
808 1023 846 1090 ἐν
868 1027 918 1108 τῷ
939 1016 1096 1106 δακτύλῳ

348 1124 409 1208 τῆς
430 1125 607 1204 παρθένου
629 1125 815 1207 γραφέντα·
851 1115 1068 1208 »Παντάρκης
1089 1114 1219 1199 καλός.«

135 1249 297 1341 Λιβάνιος
333 1258 369 1322 δὲ
400 1248 419 1322 ό
455 1252 618 1341 σοφιστὴς
652 1257 707 1324 ἐπὶ
742 1259 804 1341 τῆς
832 1248 1031 1340 Ἀφροδίτης
1066 1258 1117 1340 τῳ
1153 1247 1309 1340 δακτύλῳ
1342 1257 1447 1322 τοῦτο

134 1351 264 1442 γράψαι
290 1357 426 1422 Φειδίαν
449 1359 544 1440 λέγει.
566 1356 645 1421 ΡΊΜ

221 1463 271 1534 41,
287 1457 350 1522 231
368 1450 434 1539 τὴν
456 1457 683 1540 Πραξιτέλους
704 1454 888 1537 ἐρωμένην]
913 1457 1003 1533 τινὲς
1024 1456 1080 1519 καὶ
1100 1448 1163 1520 τόν
1181 1454 1320 1521 Φειδίαν
1343 1457 1448 1522 τοῦτο

77 1571 115 1624 111
135 1556 361 1638 πεποιηκέναι
384 1559 497 1638 φασίν,
522 1557 568 1634 είς
590 1549 631 1621 τό
650 1548 782 1640 Φρύνης
805 1555 867 1638 τῆς
886 1551 1019 1636 ἑταίρας
1034 1551 1133 1633 είδος,
1156 1552 1326 1637 ἐρωμένης
1343 1545 1448 1638 αύτῷ,

137 1651 205 1740 τὴν
225 1647 430 1738 Ἀφροδίτην
452 1649 642 1740 διαγλύιμαι.
664 1655 742 1720 ΡῖΜ

223 1762 271 1836 41,
293 1760 332 1822 24
358 1748 481 1838 Φρύνη]
513 1759 571 1837 μία
602 1757 675 1819 τῶν
706 1750 853 1838 ἑταιρῶν
878 1745 995 1819 κάλλει
1021 1751 1259 1837 διαπρέπουσα,
1295 1744 1364 1818 άπὸ
1389 1756 1448 1819 Θε-

138 1858 257 1922 σπιῶν
280 1841 363 1922 ούσα
384 1845 518 1931 πόλεως
541 1857 720 1930 Βοιωτίας.
743 1854 769 1918 Ρ

223 1965 271 2034 41,
301 1961 341 2021 27
377 1943 597 2037 Ἀλκιβιάδην]
634 1945 852 2038 Ἀλκιβιάδης,
888 1945 1080 2038 Ἀθηναίων
1120 1942 1322 2036 στρατηγός,
1364 1943 1450 2036 άνὴρ

82 2069 118 2121 15
138 2048 273 2131 άστεῑος
306 2057 357 2139 τῳ
388 2046 505 2119 κάλλει
532 2056 586 2118 καὶ
610 2053 685 2128 νέος
712 2047 776 2136 τὴν
799 2045 941 2137 ἡλικίαν,
974 2045 1021 2128 σός
1043 2054 1098 2116 καὶ
1121 2044 1254 2129 πολλὰς
1276 2043 1333 2116 έπ>
1355 2043 1450 2136 αύτῷ

139 2155 326 2240 ἐκμανῆναι
347 2155 421 2218 τεόν
443 2155 622 2237 γυναικῶν.
645 2153 705 2217 ΡΜ

224 2261 272 2334 42,
295 2260 312 2319 7
337 2245 561 2337 Μιθριδάτης]
583 2247 735 2332 βασιλεύς
757 2254 920 2318 Σκυθῶν.
943 2252 1005 2317 ΡΜ

224 2361 273 2433 42,
296 2359 333 2420 21
358 2352 395 2417 ἐκ
418 2353 557 2436 Πέλλης]
582 2352 642 2434 τῆς
665 2350 876 2430 Μακεδονίας
897 2344 1005 2428 πόλις.
1028 2351 1090 2416 PM
1202 2383 1204 2386 ·

225 2462 273 2532 42,
295 2459 334 2520 22
357 2452 394 2517 έν
416 2445 636 2535 Κυνοσάργει]
665 2443 880 2534 Κυνόσαργες
912 2443 1096 2536 γυμνάσιον
1126 2453 1187 2537 τῆς
1209 2445 1368 2534 Ἀττικῆς.
1392 2451 1453 2516 ΡΜ

85 2572 123 2624 211
225 2561 276 2634 42,
300 2561 339 2620 24
363 2545 564 2637 Δημήτριον]
596 2541 830 2634 όΔημήτριος
861 2538 963 2629 οὗτος
985 2547 1138 2632 ,Βασιλεύς
1160 2553 1222 2636 μὲν
1244 2542 1454 2616 Μακεδόνων

141 2653 198 2721 καὶ
217 2645 398 2737 Ἑλλήνων,
421 2645 640 2736 ἐμνηστεύετο
663 2651 698 2715 δὲ
721 2651 768 2727 εἰς
783 2643 891 2734 γάμον
905 2641 1052 2736 Ἀθηνᾶν
1067 2648 1132 2735 τὴν
1147 2643 1340 2735 Ἀθηναίων
1358 2643 1453 2729 θεόν,

144 2754 296 2836 ἐξαχθείς
320 2743 433 2835 άλόγῳ
457 2749 593 2835 οἴστρῳ.
614 2751 675 2815 ΡΜ

228 2859 277 2927 42,
299 2857 338 2918 28
361 2843 504 2935 Λάμιαν]
528 2837 614 2932 αύτη
637 2849 707 2914 ἐστὶ
730 2843 775 2914 δι’
798 2843 916 2934 ἦνκαὶ
940 2844 982 2915 τά
1005 2841 1223 2934 πραττόμενα
1245 2841 1455 2932 μορμολύκια

142 2944 219 3019 κατ’
252 2943 359 3034 αὐτὴν
389 2940 667 3032 προσηγόρευται,
700 2943 850 3030 φοβεράν
881 2961 954 3026 τοῖς
984 2950 1142 3031 βρέφεσιν
1172 2947 1370 3032 γενομένην·
1402 2943 1455 3013 διά

90 3069 125 3122 25
144 3049 208 3137 γάρ
231 3047 294 3135 τὴν
317 3051 390 3115 των
413 3050 549 3116 οἰκείων
572 3048 704 3114 παίδων
727 3039 901 3114 άποίλειαν
923 3039 1030 3130 ἐφόνα
1052 3041 1139 3113 κατὰ
1164 3049 1238 3112 τῶν
1254 3035 1456 3130 άλλοτρίων,

145 3150 366 3233 οίστρουμένη
389 3141 515 3232 φθόνῳ
537 3147 668 3231 πολλῷ.
691 3147 752 3212 ΡΜ

229 3257 277 3330 42,
298 3256 338 3316 29
362 3241 523 3333 εύφὴμως
545 3245 645 3314 είπεν.
669 3246 742 3342 Μί-

230 3357 277 3428 43,
302 3337 518 3429 4Ἵππωνος]
534 3337 680 3414 Ἵππων·
702 3343 806 3425 οὗτος
828 3347 960 3430 ἐγένετο
982 3346 1042 3429 μὲν
1064 3349 1137 3412 τῶν
1152 3335 1312 3413 παλαιῶν
1327 3347 1456 3426 σοφῶν,

147 3441 280 3532 ἐνόμισε
310 3448 346 3513 δέ
376 3443 478 3524 θεούς
508 3441 553 3532 μὴ
584 3441 679 3526 εἶναι,
710 3451 906 3531 νομίζεσθαι
937 3447 972 3511 δὲ
1001 3439 1110 3530 μόνον
1139 3437 1207 3514 ύπὸ
1229 3449 1301 3512 τῶν
1322 3437 1458 3528 άνθραί·

96 3570 130 3620 3ο
148 3573 235 3615 πων.
257 3548 318 3612 ΡΜ

232 3654 280 3727 43,
301 3654 341 3714 25
365 3648 527 3728 δεισαλέα]
551 3639 740 3730 ἀκάθαρτα,
763 3641 855 3729 παρά
876 3641 941 3729 τὴν
962 3647 1081 3712 δεῖσαν.
1104 3645 1164 3710 ΡΜ

232 3755 280 3828 43,
303 3753 342 3815 30
366 3750 495 3828 Βίωνα]
517 3741 686 3828 ἱστορικὸς
709 3733 811 3823 οὗτος
833 3743 976 3828 ἐγένετο.
999 3745 1061 3809 ΡΜ

234 3855 280 3926 44,
305 3854 343 3913 14
366 3837 385 3913 ό
407 3840 535 3930 Πάριος
558 3849 666 3926 λίθος]
691 3836 709 3911 δ
733 3841 818 3930 άγαν
841 3835 967 3922 λευκός.
994 3845 1072 3909 P²M

236 4048 279 4103 51
302 4047 407 4116 Gregor
424 4065 478 4102 von
498 4047 572 4114 Μαι,
592 4045 680 4098 Carm.
699 4045 784 4100 theol.
805 4045 817 4096 1
835 4045 851 4097 ‘2
869 4061 952 4097 carm.
972 4045 1012 4108 10,
1030 4042 1100 4098 8631
1124 4041 1228 4110 (Migne
1246 4041 1270 4094 S.
1290 4041 1335 4094 Gr.
1354 4038 1408 4094 vol.
1427 4041 1459 4093 3?

151 4133 202 4186 col.
222 4133 281 4200 742]
299 4162 333 4170 -
353 4131 586 4201 1113131111,
605 4129 702 4184 Geseh.
720 4130 747 4183 d.
766 4129 867 4198 gn'eeh.
886 4128 1028 4182 Kilnsblor¹
1047 4128 1058 4179 l
1077 4129 1102 4180 S.
1121 4127 1184 4186 161;
1202 4122 1349 4194 Μαρτυρίαι,
1368 4123 1460 4176 Leben

152 4218 200 4272 des
217 4216 340 4271 Akakios
358 4233 383 4285 p.
403 4218 453 4272 100
471 4215 556 4269 Boiss.
575 4215 614 4279 (in
633 4214 726 4281 Bezug
743 4213 793 4266 auf
807 4213 938 4267 Libanius
956 4213 1022 4284 περὶ
1040 4209 1178 4280 εὐφυίας]ι
1196 4210 1267 4277 μήτε
1280 4201 1382 4276 [ἔμελε]
1396 4207 1459 4260 Φει-

152 4303 197 4376 δίᾳ
215 4307 266 4356 τοῦ
283 4298 335 4356 τὸν
353 4298 491 4356 δάκτυλον
508 4304 685 4372 παραλαβεῖν
702 4301 750 4352 καί
769 4296 820 4353 τὸν
838 4300 925 4352 παῖδα
943 4297 1017 4366 πρὸς
1035 4290 1153 4350 ἔπαινον
1171 4299 1220 4360 τῆς
1237 4295 1315 4356 θεᾶς.

239 4453 277 4506 12
297 4447 417 4522 ἐιαιρῶν
434 4450 549 4504 Schinae
567 4445 671 4517 ἑτέρων
690 4451 711 4502 Ρ
736 4452 740 4516 Ι
766 4449 826 4504 121
846 4452 989 4504 θεοπειῶν
1005 4447 1028 4500 Ρ
1043 4446 1047 4512 Ι
1064 4446 1102 4500 12
1120 4443 1230 4508 πόλεως
1247 4442 1280 4494 Ρ1
1299 4441 1379 4505 πόλις
1397 4441 1434 4493 Ρ*
1457 4444 1459 4506 Ξ

156 4537 218 4593 lor
232 4544 290 4591 τῶν
302 4537 454 4605 γυναικῶν]
466 4543 602 4605 γυναῖκας
613 4535 641 4587 Μ
658 4537 661 4600 Ι
678 4534 716 4590 19
733 4533 912 4602 κυνδσαργος
925 4533 975 4585 ΡΜ
991 4534 995 4598 Ι
1012 4530 1049 4585 21
1069 4525 1210 4595 ἀθηναῖον
1223 4527 1245 4580 Ρ
1260 4528 1264 4593 1
1281 4527 1320 4582 22
1334 4523 1463 4594 ἐξαχθείς

154 4621 250 4696 ἀλόγῳ
269 4616 373 4694 οἴστρῳ
391 4620 438 4673 Wi
457 4617 626 4690 ἐξαχθεῖσαν
644 4619 720 4691 λόγῳ
739 4615 856 4690 οἷ’στρου
875 4617 946 4684 ΡΜ]
963 4617 1002 4671 2θ
1020 4613 1062 4670 δέ2
1079 4613 1161 4665 Ρ1Μ2
1178 4621 1211 4670 <
1228 4611 1309 4664 Ρ3Μ*
