3520 5498
277 1224 761 1322 ΚΛΗΜΕΝΤΟΣ
802 1224 1297 1322 ΣΤΡῼΜΑΤΕΩΣ
1463 1243 1531 1300 96Ρ

613 1413 963 1495 ΠΑΙΛΑΓΩΓΟΣ

578 1563 757 1645 ΛΟΓΟΣ
778 1563 1004 1644 ΠΡΩΤίίΣ

512 1719 688 1810 Κεφάλαια
710 1728 773 1795 τοῦ
794 1721 939 1811 πρώτου
954 1721 1065 1812 λόγου.

98 1899 114 1950 5
156 1882 196 1946 A.
224 1883 260 1946 Τί
282 1878 522 1962 ἐπαγγέλλεται
544 1867 563 1944 ό
585 1871 810 1962 παιδαγωγός.

156 1985 197 2046 Β.
212 1969 286 2045 Ὅτι
308 1974 363 2045 διὰ
384 1972 446 2055 τάς
468 1968 632 2062 άμαρτίας
653 1969 752 2063 ἡμῶν
776 1968 794 2044 δ
817 1969 1032 2061 παιδαγωγός
1054 1977 1233 2050 ἐπιστατεῖ.

162 2083 199 2144 Γ.
214 2068 288 2145 Ὅτι
310 2069 562 2163 φιλάνθρωπος
585 2068 603 2144 ό
626 2068 850 2162 παιδαγωγός.

172 2183 207 2246 Δ.
221 2167 293 2245 Ὅτι
324 2169 376 2244 ἐπ’
406 2176 480 2262 ἴσης
511 2170 649 2263 ἀνδρῶν
678 2181 732 2244 καὶ
754 2180 926 2263 γυναικῶν
948 2166 967 2244 δ
990 2168 1090 2264 λόγος
1111 2170 1327 2264 παιδαγωγός
1348 2178 1450 2256 ἐστιν,

162 2283 199 2346 Ε.
213 2266 287 2344 Ὅτι
317 2268 444 2356 πάντες
475 2276 507 2345 οἱ
536 2280 613 2360 περὶ
644 2277 709 2364 τὴν
739 2271 908 2364 ἀλήθειαν
936 2271 1198 2363 καταγινόμενοι
1219 2281 1336 2358 παῖδες
1356 2274 1447 2365 παρὰ

83 2394 117 2448 10
218 2381 270 2464 τῷ
293 2381 373 2464 θεῷ.

155 2483 195 2547 F.
218 2470 308 2562 Πρός
331 2471 412 2557 τούς
432 2468 738 2560 ὑπολαμβάνοντας
760 2471 827 2562 τὴν
848 2479 922 2546 τῶν
943 2480 1091 2545 παιδίων
1103 2481 1160 2544 καί
1175 2483 1310 2564 νηπίων
1324 2498 1446 2566 προση-

221 2580 338 2663 γορίαν
360 2570 425 2661 τὴν
448 2577 523 2643 τῶν
542 2573 697 2659 προότων
717 2570 934 2662 μαθημάτων
957 2575 1168 2645 αἰνίττεσθαι
1191 2571 1340 2664 διδαχὴν.

160 2681 198 2743 Ζ.
224 2681 276 2756 Τίς
299 2667 318 2744 ό
339 2667 563 2761 παιδαγωγός,
584 2679 640 2743 καὶ
660 2679 736 2761 περὶ
758 2678 819 2762 τῆς
840 2678 1069 2762 παιδαγωγίας
1092 2669 1205 2746 αδτοῦ.

157 2781 198 2844 H.
220 2771 311 2862 Πρός
333 2770 413 2856 τούς
434 2768 639 2861 ἡγουμένους
660 2772 704 2862 μὴ
727 2774 812 2843 εἶναι
834 2767 968 2862 άγαθὸν
990 2771 1031 2844 τό
1054 2781 1194 2845 δίκαιον.

83 2893 116 2945 15
160 2882 198 2943 Θ.
212 2867 285 2942 Ὅτι
306 2877 368 2961 τῆς
388 2868 491 2963 αὐτῆς
514 2870 688 2963 δυνάμεως
709 2881 764 2944 καὶ
787 2867 971 2962 εὐεργετεῖν
993 2879 1049 2943 καὶ
1068 2871 1224 2960 κολάζειν
1240 2879 1386 2958 δικαίως,
1410 2878 1446 2944 ίν

219 2963 248 3062 ᾧ
271 2980 322 3056 τίς
344 2966 363 3043 ό
386 2967 516 3060 τρόπος
537 2976 598 3062 τῆς
619 2979 851 3062 παιδαγωγίας
873 2979 936 3044 τοῦ
958 2971 1069 3061 λόγου.

176 3067 286 3142 λὍτι
309 3065 327 3142 ό
351 3067 452 3153 αὐτὸς
474 3068 556 3153 θεὸς
578 3069 631 3142 διά
654 3077 717 3144 τοῦ
738 3070 847 3147 αὐτοῦ
869 3071 973 3162 λόγου
994 3081 1049 3144 καὶ
1072 3069 1222 3161 άπείργει
1245 3080 1318 3144 τῶν
1341 3069 1443 3162 ἆμαρ-

220 3177 304 3243 τιῶν
325 3167 478 3242 άπειλῶν
499 3177 554 3240 καὶ
577 3173 677 3261 σῴζει
700 3171 765 3262 τὴν
787 3169 1045 3262 άνθρωπότητα
1067 3181 1285 3261 παρακαλῶν.

137 3279 195 3342 ΙΑ.
210 3272 281 3342 Ὅτι
303 3269 358 3341 διὰ
379 3265 486 3360 νόμου
508 3277 564 3341 καὶ
585 3280 782 3361 προφητῶν
804 3268 822 3346 ό
846 3269 947 3362 λόγος
969 3272 1199 3362 ἐπαιδαγώγει.

86 3389 119 3443 2ο
137 3381 194 3442 IB.
209 3365 280 3442 Ὅτι
302 3368 478 3460 ἀναλόγως
508 3377 551 3458 τῇ
581 3379 730 3461 πατρικῇ
759 3378 908 3445 διαθέσει
929 3379 1087 3462 κέχρηται
1110 3367 1129 3444 ό
1151 3371 1368 3463 παιδαγωγός
1390 3369 1444 3442 αό-

220 3479 337 3564 στηρίᾳ
357 3478 412 3542 καὶ
433 3467 649 3561 χρηστότητι.

149 3579 201 3641 [Γ.
214 3565 286 3642 Ὅτι
317 3568 364 3654 σός
395 3571 436 3643 τὸ
466 3569 677 3661 κατόρθωμα
698 3569 787 3644 κατά
809 3571 872 3644 τόν
895 3567 1006 3662 όρθόν
1027 3580 1156 3662 γίνεται
1186 3569 1299 3662 λόγον,
1332 3565 1443 3656 οότως

220 3675 363 3760 ἔμπαλιν
384 3669 425 3743 τό
448 3667 626 3761 ἁμάρτημα
649 3671 740 3758 παρὰ
763 3669 826 3743 τόν
849 3669 959 3761 λόγον.

470 3910 492 3974 Ι.
519 3910 554 3974 Τί
576 3910 815 3995 ἐπαγγέλλεται
838 3901 857 3977 ό
879 3905 1104 3997 παιδαγωγός.

87 4079 118 4130 25
221 4051 428 4147 Κεκρότηται
466 4063 586 4146 κρηπὶς
626 4054 803 4147 ἀληθείας,
840 4048 868 4127 τό
905 4063 1022 4140 παῖδες
1056 4055 1159 4147 όμεις,
1199 4053 1277 4147 ἡμῖν
1313 4053 1437 4141 αὐτοῖς,
1458 4071 1504 4134 1,1

136 4151 233 4244 άγίου
268 4155 335 4227 νετό
370 4154 518 4245 μεγάλου
551 4165 637 4228 θεοῦ
669 4164 826 4247 θεμέλιος
862 4159 1021 4248 γνώσεως
1058 4154 1219 4247 άρραγὴς,
1260 4154 1442 4246 προτροπὴ

221 4310 303 4366 Ρεειί.
317 4312 328 4365 Ι
342 4315 458 4380 1-96,1
480 4311 553 4385 πρὸς
569 4311 599 4370 δὲ
615 4316 664 4370 καί
681 4319 730 4382 τῆς
748 4311 861 4382 ἐπιτιμὴ
875 4342 907 4352 -
919 4313 990 4368 fehlt
1000 4313 1029 4366 in
1042 4315 1077 4376 P;
1094 4313 1149 4380 vgl.
1162 4311 1234 4366 Einl.
1251 4315 1255 4380 Ι
1271 4301 1441 4368 Uberschrist

136 4395 164 4448 in
176 4395 359 4463 Εκλημεντσς
376 4396 564 4472 στρωματέως
579 4397 761 4471 παιδαγωγὸς
779 4397 861 4468 λόγοι
873 4393 912 4468 γ’,
930 4397 959 4451 in
971 4399 1000 4451 M
1012 4399 1169 4466 κλημεντος
1180 4395 1361 4467 παιδαγωγός
1376 4397 1381 4464 Ι
1396 4395 1440 4450 die

137 4478 437 4550 Capitelfiberschristen
454 4502 506 4538 nur
522 4485 551 4538 in
569 4485 590 4540 F
605 4485 610 4554 1
625 4484 644 4541 8
662 4486 749 4556 λόγος
761 4493 794 4544 <
810 4483 832 4537 F
847 4483 851 4551 Ι
868 4483 903 4538 l?
925 4478 941 4537 d
960 4479 1054 4550 αιἰτδς]
1073 4479 1159 4547 αὐτὸς
1177 4477 1193 4536 δ
1211 4481 1252 4550 ΕΙ
1268 4482 1307 4537 24
1327 4475 1371 4536 δτι
1388 4481 1415 4533 Μ
1439 4482 1443 4547 Ι

137 4563 174 4620 25
200 4565 365 4639 κεκρότηται
390 4597 423 4608 -
450 4569 474 4624 S.
493 4570 542 4639 90,
569 4569 586 4624 2
613 4571 710 4642 χωρίῳ
730 4569 771 4624 als
797 4569 909 4638 Anfang
933 4567 981 4622 des
999 4568 1098 4622 Τειίεε
1117 4567 1159 4635 Μ,
1181 4585 1231 4622 vor
1252 4566 1300 4620 der
1318 4563 1440 4635 Kapitel-

137 4649 298 4704 iibemhrist
314 4649 335 4704 F
350 4653 354 4718 Ι
369 4654 589 4728 συγκεκρότηται
608 4656 635 4709 Μ
654 4655 719 4726 ίτςί.
737 4655 815 4709 Pind.
833 4654 875 4709 Fr.
895 4655 945 4708 194
964 4653 1123 4722 Schroeder‘)
