3520 5498
427 486 610 558 Paedagogus
628 489 648 541 Ι.
667 489 731 559 Cap.
750 487 813 542 VII.
830 487 871 554 61,
890 486 1006 556 l-Cap.
1027 485 1097 540 VIII.
1115 487 1156 552 64,
1169 487 1194 541 3.
1409 495 1466 568 121

155 649 235 726 οῦδὲ
264 649 423 736 βούλεται
445 659 508 738 μέν
530 680 563 721 τι
585 649 628 742 μὴ
651 653 753 736 εἰναι,
786 654 895 733 αἴτιος
917 654 953 721 δὲ
975 656 1103 736 γίνεται
1127 655 1189 721 τοῦ
1210 651 1298 722 εἶναι
1321 647 1415 735 αῦτό,
1447 643 1466 721 ό

153 751 314 836 βούλεται
328 751 373 840 μή
390 752 485 834 εἶναι,
508 747 586 823 οῦδὲ
600 750 667 841 μὴν
688 747 730 824 ου’
743 749 901 838 βούλεται
922 757 985 838 μέν
1006 778 1040 819 τι
1056 749 1121 840 [μή]
1139 750 1233 836 είναι,
1257 749 1298 822 τὸ
1315 755 1350 822 δὲ
1366 753 1466 823 ἔστιν.

155 856 186 922 εί
207 880 242 923 τι
264 851 329 940 ἄρα
351 869 440 940 μισεῖ
459 845 478 923 ό
501 849 613 939 λόγος,
635 849 792 935 βούλεται
814 847 899 922 αὐτὸ
920 849 965 941 μή
988 851 1085 920 είναι·
1129 845 1228 921 οῦδὲν
1251 855 1286 920 δὲ
1308 851 1414 928 ἔστιν,
1437 842 1465 939 ᾧ

154 951 201 1042 μή
224 950 290 1041 τήν
309 955 422 1022 αἰτίαν
443 957 508 1024 τοῦ
530 952 614 1021 εἶναι
637 946 657 1022 δ
678 950 762 1034 θεὸς
783 957 977 1040 παρέχεται·
1020 945 1120 1020 οὐδὲν
1147 947 1211 1038 δρα
1232 967 1376 1039 μισεῖται
1397 946 1465 1022 ῦπό

118 1057 220 1126 οτοῦ
244 1057 337 1123 θεοῦ.
378 1047 453 1122 ἀλλ’
477 1053 555 1123 οὐδὲ
575 1047 643 1122 ῦπό
665 1057 729 1122 τοῦ
750 1049 865 1139 λόγου·
909 1052 946 1120 ἓν
968 1047 1031 1138 γὰρ
1053 1047 1167 1139 ῦμφω,
1191 1045 1210 1121 ό
1232 1046 1323 1134 θεός,
1346 1042 1402 1121 ότι
1423 1049 1500 1120 εί·4

154 1179 221 1223 πεν
251 1155 307 1223 νίν
337 1145 422 1240 ἀρχῇ
446 1145 465 1222 ό
488 1147 589 1239 λόγος
620 1143 663 1239 ἦν
684 1155 721 1221 ἐν
743 1157 795 1240 τῷ
817 1157 900 1240 θεῷ,
931 1156 988 1220 καὶ
1010 1141 1188 1238 θεὸςήνό
1214 1146 1340 1238 λόγος(
1381 1155 1409 1220 εί
1431 1155 1467 1221 δὲ

157 1247 199 1323 οῦ
220 1269 308 1340 μισεῖ
328 1256 402 1322 τῶν
421 1246 478 1322 ὑπ’
495 1246 602 1322 αῦτοῦ
616 1257 812 1340 γενομένων
826 1246 935 1335 οὐδέν,
958 1257 1108 1320 λείπεται
1124 1258 1236 1336 φιλεῖν
1251 1245 1345 1320 αῦτό.
1377 1249 1467 1320 πολὺ
1483 1254 1549 1322 63,1

156 1349 199 1440 δή
222 1355 328 1421 πλέον
344 1356 418 1420 τῶν
433 1349 550 1420 ἄλλων
565 1344 728 1440 ἀγαπήσει
743 1347 806 1422 τὸν
827 1349 1027 1437 ἄνθρωπον,
1049 1344 1201 1434 εἰκότως,
1223 1347 1265 1420 τὸ
1280 1345 1468 1421 κάλλιστον

156 1457 232 1522 τῶν
253 1444 310 1522 ὑπ’
333 1445 440 1521 αῦτοῦ
461 1455 785 1539 δημιουργηθέντων
806 1455 860 1520 καὶ
884 1447 1054 1536 φιλόθεον
1075 1455 1174 1538 ζῷον.
1217 1446 1468 1536 φιλάνθρωπος

103 1569 138 1624 10
157 1544 262 1638 ἄραό
293 1545 384 1634 θεός,
415 1548 666 1639 φιλάνθρωπος
695 1548 759 1638 ἄρα
786 1553 791 1638 Ι
818 1543 971 1637 όλόγσς.
1014 1543 1093 1620 δδὲ
1123 1544 1236 1636 φιλῶν
1266 1579 1300 1620 τι
1322 1545 1467 1635 ιόφελεῖν
1485 1555 1567 1612 136P

157 1646 244 1722 αῦτό
265 1647 437 1734 βούλεται,
469 1648 511 1721 τό
533 1653 570 1719 δὲ
591 1646 749 1736 ὠφελοῦν
769 1655 835 1722 τοῦ
855 1647 900 1738 μή
925 1645 1148 1735 ω’φελοῦντος
1169 1645 1311 1730 πόντως
1333 1647 1375 1719 ἄν
1396 1677 1467 1720 που

156 1767 316 1838 κρεῖττον
337 1751 396 1838 είη,
418 1755 482 1821 τοῦ
502 1753 539 1820 δὲ
554 1745 687 1837 ἀγαθοῦ
701 1766 860 1838 κρεῖττον
875 1744 953 1819 οῦδὲ
969 1747 1016 1830 ἓν,
1039 1745 1168 1834 ὠφελεῖ
1180 1746 1246 1837 ἄρα
1261 1745 1302 1819 τό
1319 1741 1466 1834 ἀγαθόν·

158 1846 290 1939 ἀγαθὸς
308 1853 344 1918 δὲ
366 1844 385 1919 ὁ
408 1847 490 1930 θεὸς
512 1843 736 1937 ὁμολογεῖται,
761 1843 888 1934 ω’φελεῖ
907 1846 972 1937 ἄρα
994 1842 1014 1918 ό
1036 1844 1126 1929 θεός.
1162 1845 1204 1919 τὸ
1227 1852 1263 1918 δὲ
1277 1842 1420 1935 ἀγαθόν,
1444 1840 1464 1935 ἦ
1484 1858 1500 1912 2

158 1945 293 2038 ἀγαθόν
315 1953 417 2029 ἐστιν,
440 1944 538 2020 οῦδὲν
561 1947 646 2020 ἄλλο
668 1943 802 2037 ποιεῖή
825 1942 880 2019 ότι
902 1944 1038 2035 αόφελεῖ·
1078 1943 1194 2017 πάντα
1212 1945 1276 2034 ἄρα
1299 1943 1465 2033 ω’φελεῖό

105 2068 139 2120 15
157 2045 250 2132 θεός.
291 2055 346 2118 καλ
368 2043 410 2118 οῦ
431 2045 541 2138 δήπου
563 2044 691 2134 ὠφελεῖ
709 2054 771 2137 μέν
792 2077 827 2120 τι
848 2046 912 2119 τὸν
934 2045 1132 2136 ἄνθρωπον,
1154 2041 1227 2133 οῦχὶ
1249 2052 1285 2118 δὲ
1302 2054 1359 2118 καὶ
1373 2044 1463 2138 κήδε·

159 2176 217 2220 ται
237 2144 350 2233 αῦτοῦ,
371 2143 450 2220 οῦδὲ
471 2145 611 2238 κήδεται
632 2154 703 2237 μίν,
727 2143 800 2236 σῦχὶ
822 2153 857 2218 δὲ
876 2153 932 2218 καὶ
947 2151 1152 2235 ἐπιμελεῖται
1166 2141 1281 2218 αὐτοῦ.
1309 2167 1468 2235 κρεῖττον

157 2255 219 2339 μὲν
241 2246 303 2338 γὰρ
324 2247 366 2321 τὸ
388 2247 476 2319 κατὰ
497 2245 638 2336 γνιόμην
659 2244 821 2334 ιόφελοῦν
836 2253 899 2318 τοῦ
917 2246 962 2337 μὴ
978 2243 1201 2333 σόφελοῦντος
1215 2246 1303 2318 κατὰ
1318 2247 1466 2336 γνοόμην,

158 2355 222 2420 τοῦ
244 2354 279 2420 δὲ
300 2355 386 2419 θεοῦ
405 2365 566 2437 κρεῖττον
588 2343 695 2418 οὐδέν.
734 2353 792 2417 καὶ
814 2343 876 2418 οῦκ
898 2346 984 2420 ἄλλο
1007 2353 1041 2418 τί
1063 2344 1197 2418 ἔστιτὸ
1219 2345 1307 2418 κατὰ
1329 2348 1467 2438 γνώμην

159 2445 315 2536 εόφελεῖν,
338 2441 393 2519 ότι
414 2446 459 2537 μὴ
481 2451 710 2536 ἐπιμελεῖσθαι
733 2452 807 2535 [τοῦ
829 2443 1041 2535 ἀνθρώπουΙ·
1076 2443 1214 2537 κήδεται
1235 2444 1299 2535 ἄρα
1321 2454 1377 2518 καλ
1398 2451 1466 2519 ἐπι-

105 2563 140 2618 20
158 2558 307 2638 μελεῖται
328 2554 392 2620 τοῦ
414 2543 604 2636 δνθριόπου
625 2544 645 2618 ό
667 2543 757 2630 θεός.
801 2552 907 2617 τοῦτο
938 2551 973 2617 δὲ
1004 2552 1213 2619 ἐνδείκνυται
1238 2546 1326 2635 ἔργῳ
1348 2552 1500 2619 παιδα-3

157 2655 283 2738 γωγῶν
297 2642 404 2720 αὐτὸν
418 2643 520 2737 λόγῳ,
536 2640 574 2730 ῦς
589 2651 660 2718 ἐστι
675 2653 736 2737 τῆς
755 2651 817 2719 τοῦ
833 2653 917 2717 θεοῦ
932 2653 1196 2734 φιλανθρωπίας
1215 2645 1466 2736 συναγωνιστὴς

159 2745 303 2838 γνήσιος.
346 2746 387 2818 τό
409 2753 445 2820 δὲ
466 2743 601 2837 ἀγαθόν
623 2747 708 2818 είναι
730 2743 772 2818 οῦ
800 2752 852 2836 τῷ
876 2745 940 2836 τὴν
968 2743 1095 2836 ἀρετήν
1118 2749 1204 2834 ἔχειν
1226 2741 1360 2834 ἀγαθόν
1382 2739 1485 2817 εἶναιΙ

159 2853 306 2937 λέγεται,
332 2845 422 2918 καθὸ
449 2853 505 2918 καί
527 2843 548 2937 ἡ
569 2845 764 2936 δικαιοσύνη
786 2843 921 2936 ἀγαθόν
942 2848 1027 2918 εἶναι
1049 2852 1183 2936 λέγεται
1205 2841 1246 2917 οῦ
1267 2851 1319 2934 τῷ
1342 2841 1467 2934 ἀρετήν

159 2949 247 3036 ἔχειν
277 2942 392 3036 (ῦρετή
413 2944 477 3036 γάρ
498 2951 591 3018 ἐστιν
612 2943 721 3037 admi),
754 2943 841 3020 ἀλλὰ
872 2953 923 3036 τῷ
955 2941 1064 3034 αότήν
1095 2939 1178 3016 καθ’
1206 2938 1315 3032 αὐτὴν
1340 2950 1396 3014 καὶ
1419 2940 1466 3015 δι’

79 3077 81 3080 ·
106 3062 140 3116 25
159 3042 268 3136 αὐτὴν
291 3043 426 3136 ἀγαθήν
447 3047 541 3118 εἶναι.
585 3053 717 3135 λέγεται
744 3052 779 3117 δὲ
801 3053 857 3117 καὶ
882 3042 961 3116 κατ’
986 3044 1095 3117 ἄλλον
1116 3039 1248 3132 τρόπον
1270 3040 1403 3131 ἀγαθόν
1425 3041 1466 3114 τὸ
1483 3061 1549 3126 64,1

160 3153 346 3238 συμφέρον,
369 3143 410 3218 οῦ
430 3152 481 3236 τῷ
505 3153 655 3236 τέρπειν,
677 3143 767 3219 ἀλλὰ
787 3153 839 3236 τῷ
863 3142 1019 3233 ὠφελεῖν.
1055 3141 1076 3214 ἃ
1098 3143 1139 3232 δὴ
1161 3139 1277 3215 πάντα
1299 3139 1320 3232 ή
1342 3149 1467 3215 δικαιο-

160 3245 254 3337 σῦνη,
275 3252 331 3317 καί
354 3242 402 3329 ὥς
423 3243 525 3337 όρετή
547 3252 604 3318 καὶ
626 3243 675 3329 αἷς
696 3242 742 3317 δι’
765 3241 874 3336 αότήν
896 3243 1010 3334 αίρετή
1032 3239 1242 3335 ἀγαθὸνκαὶ
1266 3238 1313 3326 εδς
1336 3239 1377 3315 οῦ
1395 3249 1467 3332 τέρ-

159 3367 284 3419 πουσα·
317 3341 359 3416 οῦ
393 3343 456 3437 γὰρ
486 3345 571 3434 πρὸς
599 3343 698 3436 χάριν
726 3355 846 3436 κρίνει,
883 3343 971 3418 ἀλλὰ
1001 3351 1065 3417 τοῦ
1093 3340 1173 3416 κατ’
1205 3340 1303 3430 ἀξίαν
1333 3340 1465 3433 ἑκάστῳ

160 3451 253 3518 ἐστίν
283 3441 527 3535 δπσνεμητική,
560 3445 676 3517 ἕπεται
706 3451 742 3517 δὲ
771 3454 822 3537 τῷ
850 3451 1057 3537 συμφέροντι
1083 3443 1124 3516 τό
1151 3441 1336 3535 ιόφέλιμον.
1378 3443 1499 3520 κατὰλ

108 3557 144 3614 30
159 3542 275 3617 πάντα
297 3544 360 3634 ἄρα
382 3545 425 3616 τὰ
446 3552 538 3636 μέρη,
561 3542 641 3618 καθ’
663 3544 685 3617 ἃ
707 3545 748 3617 τὸ
772 3543 905 3636 ἀγαθὸν
926 3543 1127 3634 ἐξετάζεται,
1149 3549 1205 3614 καὶ
1228 3541 1247 3634 ή
1271 3542 1465 3632 δικαιοσύνη

158 3653 451 3736 χαρακτηρίζεται,
484 3653 559 3716 τῶν
584 3651 669 3718 ίσων
691 3642 746 3718 ἐπ’
770 3650 842 3735 ἰ’σης
864 3643 992 3736 ἀμφοῖν
1012 3641 1240 3736 μετεχόντων·
1270 3641 1315 3714 τὰ
1337 3648 1372 3713 δὲ
1394 3663 1466 3726 τοῖς

159 3749 245 3828 ἰ’σοις
272 3745 582 3836 χαρακτηριζόμενα
612 3751 667 3817 ίσα
696 3775 735 3817 τε
767 3741 929 3835 ἄλλήλσις
959 3752 1013 3815 καί
1045 3738 1156 3835 όμοια·
1188 3739 1323 3833 ῦγαθδν
1353 3741 1417 3832 ἄρα
1445 3739 1466 3833 ή

160 3842 362 3935 δικαιοσύνη.
405 3853 481 3930 πῶς
511 3839 587 3933 οὖν,
620 3854 735 3933 φασίν,
765 3851 794 3916 εί
825 3842 1072 3934 φιλάνθρωπός
1103 3847 1174 3916 ἐστι
1203 3849 1259 3916 καὶ
1289 3839 1420 3932 ἀγαθὸς
1446 3837 1498 3924 ό3

244 4067 263 4122 δ
287 4066 349 4124 Joh.
367 4071 390 4133 1,
409 4071 424 4122 1
443 4099 476 4107 -
496 4068 609 4128 11-25
628 4067 761 4138 Chrysipp
780 4065 894 4136 Fr.10g.
914 4065 980 4121 1116
997 4065 1101 4120 Arnim.
1119 4093 1153 4103 -
1170 4062 1225 4118 281
1248 4062 1304 4132 vgl.
1323 4063 1420 4117 Strom.
1439 4064 1465 4116 II

159 4152 206 4214 66;
226 4150 347 4206 Andron.
365 4151 399 4207 de
416 4152 478 4208 virt.
497 4156 526 4209 et
542 4152 591 4207 vit.
611 4171 636 4224 p.
655 4153 723 4218 20,1
742 4150 876 4205 Schuohh.

246 4343 1466 4429 2[μΙΙίΙΙυΙθι,ῦΜυσίι1’Μ15ἓνλἾδνλίίιίΙθδιΙΙδὲΜυΙῙΞαρεῑττονθλιί2

160 4437 295 4507 κρείττων
310 4438 356 4491 Μ*
371 4441 375 4504 Ι
392 4440 430 4495 18
448 4434 608 4510 ὢφελεῖΜί
625 4436 749 4510 ὠφέλεια
767 4437 835 4492 FM*
854 4439 859 4505 Ι
880 4435 917 4491 14
937 4432 1029 4502 πάντη
1047 4433 1124 4488 Kroll
1141 4434 1145 4500 Ι
1162 4434 1200 4488 19
1219 4433 1280 4501 [τοῦ
1298 4429 1465 4504 ἀνθρώπου]

161 4521 257 4575 mim
272 4523 276 4590 Ι
292 4522 330 4578 22
349 4515 454 4594 Ιείναιῐ]
466 4525 506 4580 Po
522 4528 525 4594 Ι
542 4525 581 4581 24
595 4523 665 4595 αὐτή
676 4527 706 4580 st
718 4517 789 4592 αῦτη
801 4521 852 4577 FM
867 4522 871 4589 Ι
888 4520 944 4576 241
950 4521 999 4575 καί
1011 4510 1044 4573 δι’
1057 4515 1145 4586 αὐτην
1155 4517 1268 4589 doppelt
1279 4516 1464 4587 gesohrieben.

162 4605 226 4659 aber
242 4606 292 4660 das
309 4609 404 4663 τοιοίδε
421 4609 480 4665 Mal
497 4611 654 4680 gestriohen
672 4610 693 4664 F
717 4612 720 4678 Ι
745 4608 783 4664 25
802 4603 924 4677 ἀγαθὴν]
943 4599 1057 4674 ἀγαθὸν
1074 4603 1223 4658 Markland
1246 4604 1250 4671 Ι
1274 4602 1310 4657 27
1331 4599 1464 4672 [ἀγαθὸν]

163 4689 240 4744 ΜΝ
256 4691 260 4758 Ι
276 4691 315 4747 28
333 4685 442 4768 ίκάσῖιμ
460 4695 502 4748 M²
519 4690 641 4752 ἑκάστου
660 4695 727 4750 ΕΜ*
742 4696 746 4762 Ι
763 4694 801 4750 88
820 4693 904 4764 φησίν
921 4689 951 4743 Μ
