3510 5474
908 471 1040 528 Clemens.

753 631 856 723 ἀρετὰ
877 635 941 725 γὰρ
963 639 1194 726 έπαινεοῗμένα

753 740 894 825 δένδρον
918 733 966 817 ῶς
988 733 1128 824 ἀέξεται.

317 872 374 938 καί
394 897 451 957 μοι
474 873 587 940 δοκεῖν
608 875 718 951 συνείς
741 875 845 940 τοῦτο
868 864 888 940 ὁ
910 865 1040 956 Σάμιος
1061 876 1287 960 παραγγέλλει
1308 867 1529 958 Πυθαγόρας·

483 1001 577 1074 δειλὰ
599 1007 660 1091 μὲν
681 999 852 1091 ἐκπρήξας
874 999 1094 1091 έπιπλήσσεο,
1114 1001 1244 1092 χρηστὰ
1267 1009 1302 1075 δὲ
1324 1008 1460 1090 τέρπου.

282 1135 357 1207 5τὸ
389 1141 424 1208 δὲ
455 1133 672 1225 ἐπιπλήσσειν
702 1143 760 1206 καὶ
791 1147 968 1208 νουθετεῖν
994 1148 1162 1220 καλεῖται,
1194 1135 1235 1209 τὸ
1259 1143 1295 1208 δὲ
1316 1141 1589 1224 ἐτυμολογείται,
1615 1135 1666 1226 ιΙΞ

317 1240 531 1324 νουθέτησις,
563 1242 625 1306 νοῦ
647 1234 908 1325 ένθεματισμός,
943 1232 992 1318 ῶς
1015 1237 1100 1308 εἶναι
1121 1235 1162 1308 τὸ
1185 1234 1433 1326 έπιπληκτικόν
1455 1235 1549 1318 εἶδος
1571 1245 1636 1310 νοῦ

317 1331 585 1422 περιποιητικόν.
629 1333 718 1408 ἀλλὰ
748 1334 811 1424 γάρ
841 1343 955 1424 μυρίαι
986 1329 1062 1407 ὅσαι
1091 1334 1376 1425 προσεξεύρηνται
1406 1345 1634 1426 παραγγελίαι

316 1438 363 1516 είς
385 1439 505 1524 κτῆσιν
526 1431 670 1524 ἀγαθῶν
695 1442 751 1506 καὶ
775 1435 886 1525 φυγὴν
906 1441 1035 1506 κακῶν·
1080 1453 1171 1518 »τοῖς
1193 1435 1256 1524 γὰρ
1278 1432 1428 1522 ἀσεβέσιν
1451 1433 1515 1508 οάκ
1538 1439 1634 1510 ἔστιν

318 1532 447 1624 εἰρήνη,
484 1541 572 1624 λέγει
606 1533 748 1625 κάριος.ι
804 1533 858 1606 διὰ
894 1541 1000 1607 τοῦτο
1031 1533 1265 1622 φυλάττεσθαι
1300 1554 1373 1618 τοῖς
1406 1544 1545 1624 νηπίοις
1576 1539 1664 1609 διά3

265 1649 298 1702 10
317 1641 551 1724 Σολομῶντος
581 1640 819 1724 παραγγέλλει·
853 1638 934 1718 ιυὶέ,
957 1633 1002 1724 μὴ
1024 1631 1224 1724 πλανήσωσί
1245 1659 1280 1706 σε
1302 1631 1516 1724 ἀμαρτωλοί,
1548 1645 1632 1727 μηδὲ

317 1840 488 1920 λέγοντες·
519 1838 599 1905 έλθὲ
620 1829 700 1921 μεθ’
724 1829 838 1922 ἡμῶν,
866 1832 1082 1924 κοινῶνησον
1105 1838 1245 1924 αίματος
1266 1829 1400 1923 ἀθῴου,
1419 1841 1424 1922 Ι
1442 1835 1632 1926 κρύψωμεν
1648 1855 1708 1908 555

318 1938 353 2003 δὲ
384 1936 430 2017 εἰς
459 1939 523 2022 γῆν
554 1933 661 2023 ἄνδρα
688 1940 818 2004 δίκαιον
841 1929 979 2016 ἀδίκως,
1012 1931 1231 2022 ἀφανίσωμεν
1254 1931 1361 2005 αὐτὸν
1384 1927 1631 2023 ῶσπερἍιδης

319 2040 459 2119 ζῶντα(
505 2039 610 2105 τοῦτο
640 2039 702 2122 μὲν
732 2024 794 2103 οὖν
824 2040 881 2103 καὶ
910 2039 987 2121 περί
1019 2040 1082 2105 τοῦ
1103 2041 1267 2121 κυριακοῦ
1287 2031 1544 2123 προφητεύεται
1566 2032 1630 2104 πά-
1648 2049 1707 2106 III

266 2144 299 2198 15
317 2142 414 2215 θους·
456 2130 661 2205 ἀποτίθεται
688 2140 724 2204 δὲ
745 2140 802 2204 καὶ
823 2129 871 2202 δι’
892 2129 1044 2223 Ἰεζεκιήλ
1066 2130 1087 2223 ἦ
1110 2133 1178 2223 ζωή
1202 2133 1263 2215 τὰς
1284 2129 1441 2214 έντολάς·
1474 2129 1515 2222 »ἦ
1538 2135 1630 2223 ψυχὴ

317 2228 599 2321 ήάμαρτάνουσα
628 2229 865 2304 ἀποθανεῖται.
909 2227 927 2303 ὁ
955 2235 991 2302 δὲ
1017 2231 1205 2320 ἄνθρωπος
1228 2225 1298 2322 <ὃς>
1325 2234 1418 2303 ἔσται
1446 2240 1586 2318 δίκαιος,
1610 2231 1629 2303 ὁ

316 2337 430 2402 ποιῶν
466 2330 529 2419 τήν
566 2331 796 2422 δικαιοσύνην,
834 2329 896 2404 οάκ
932 2335 988 2402 ἐπὶ
1025 2339 1098 2404 τῶν
1128 2327 1240 2422 ἀρέων
1270 2329 1427 2421 φάγεται,
1458 2340 1517 2403 καί
1548 2335 1630 2416 τοὺς

318 2425 520 2519 ὀφθαλμοὺς
547 2429 653 2503 αάτοῦ
679 2429 741 2504 οὐκ
767 2433 869 2503 έθετο
892 2436 947 2502 έπὶ
968 2429 1012 2502 τὰ
1033 2429 1257 2522 ἐνθυμήματα
1279 2437 1375 2504 οίκου
1399 2428 1541 2522 Ἰσραήλ.
1573 2443 1630 2504 καὶ

317 2529 383 2619 τήν
409 2548 550 2618 γυναῖκα
577 2537 640 2602 τοῦ
664 2540 811 2621 πλησίον
836 2528 943 2605 αὐτοῦ
969 2526 1010 2602 οὗ
1035 2530 1080 2620 μὴ
1102 2529 1213 2620 μιάνη,
1235 2538 1292 2602 καὶ
1313 2532 1400 2620 πρὸς
1423 2551 1569 2619 γυναῖκα
1590 2537 1630 2602 ἐν

264 2645 298 2701 20
318 2625 455 2720 ἀφέδρῳ
486 2621 590 2702 οὖσαν
612 2626 675 2702 οάκ
695 2635 810 2720 έγγιεῑ,
841 2637 897 2702 καὶ
927 2629 1120 2719 ἄνθρωπον
1151 2627 1192 2703 οά
1220 2629 1540 2714 καταδυναστεύσει,
1571 2641 1628 2702 καί

316 2727 540 2819 ένεχυρασμὸν
571 2725 775 2816 ὀφείλοντος
806 2726 978 2802 ἀποδῶσει
1007 2735 1063 2801 καί
1094 2723 1251 2821 ἅρπαγμα
1282 2727 1341 2819 οὔχ
1372 2725 1529 2820 ἀρπάσει,
1562 2731 1661 2802 τὸνθ

316 2828 425 2913 ἄρτον
446 2826 553 2901 αὐτοῦ
575 2835 625 2919 τῷ
647 2837 814 2902 πεινῶντι
837 2828 937 2901 δῶοει
959 2836 1016 2900 καὶ
1037 2829 1166 2919 γυμνὸν
1188 2841 1372 2920 περιβαλεῑ,
1399 2829 1441 2903 τὸ
1465 2827 1630 2920 ἀργύριον
1751 2824 1752 2849 ³

315 2925 422 3002 αάτοῦ
444 2934 500 3000 ἐπὶ
521 2926 614 3020 τόκῳ
637 2926 678 3002 οὐ
700 2929 801 3001 δῶσει
822 2937 877 3000 καὶ
899 2925 1095 3019 πλεόνοομα
1118 2926 1159 3001 οὗ
1180 2928 1339 3018 λήψεται,
1361 2936 1418 3000 καί
1439 2934 1476 3016 ἐξ
1497 2927 1629 3014 ἀδικίας

315 3026 522 3117 ἀποστρέψει
551 3029 616 3119 τήν
644 3050 738 3117 χεῖρα
769 3025 889 3111 αὐτοῦ,
921 3037 977 3100 καὶ
1006 3037 1107 3118 κρίμα
1130 3033 1261 3103 δίκαιον
1281 3025 1413 3118 ποιήσει
1436 3025 1502 3101 ἀνὰ
1524 3036 1629 3119 μέσον

264 3141 297 3195 25
316 3123 437 3215 ἀνδρὸς
459 3135 514 3199 καὶ
535 3125 601 3202 ἀνὰ
623 3135 726 3218 μέσον
748 3135 811 3200 τοῦ
832 3134 979 3216 πλησίον
1002 3125 1120 3212 αὐτοῦ,
1152 3132 1189 3200 έν
1212 3147 1285 3210 τοῖς
1306 3125 1542 3218 πραστάγμασί
1563 3157 1630 3219 μου

314 3226 522 3316 πεπόρευται
551 3236 607 3299 καὶ
638 3229 682 3300 τὰ
713 3225 925 3316 δικαιῶματά
955 3256 1020 3317 μου
1041 3226 1256 3315 πεφύλακται
1278 3233 1342 3299 τοῦ
1362 3233 1502 3316 ποιῆσαι
1526 3225 1628 3300 αάτά·

316 3333 442 3410 δίκαιος
469 3320 570 3410 οὗτός
593 3333 677 3412 ἐστι,
706 3335 776 3415 ζωῇ
800 3325 947 3417 ζήσεται,
975 3334 1062 3415 λέγει
1083 3326 1224 3416 κύριος(
1271 3334 1378 3399 ταῦτα
1400 3323 1630 3400 ἀποτύπωσιν

317 3432 535 3514 Χριστιανῶν
557 3434 700 3516 περιέχει
713 3435 887 3511 πολιτείας
910 3433 965 3498 καὶ
980 3425 1184 3516 προτροπὴν
1200 3423 1382 3516 ἀξιόλογον
1397 3431 1443 3507 είς
1458 3424 1628 3517 μακάριον

315 3533 401 3610 βίον,
423 3529 522 3614 γέρας
544 3523 689 3613 εάζωίας,
713 3527 808 3616 ζωὴν
831 3527 981 3599 αίῶνιον.
1000 3543 1005 3612 Ι

402 3780 444 3836 11
459 3780 515 3850 vgl.
534 3781 623 3850 Bergk
641 3781 725 3836 ΡΜ*
738 3783 777 3836 III
788 3799 815 3850 p.
834 3783 897 3844 743;
914 3781 993 3836 Pind.
1005 3781 1082 3836 Nem.
1094 3780 1157 3834 VIII
1168 3784 1204 3836 40
1221 3773 1335 3846 αὔξεται
1345 3771 1374 3834 δ’
1386 3773 1484 3852 ἀρετά,
1501 3785 1629 3852 χλωραῖς

315 3860 425 3936 έέρσαις
443 3861 483 3930 ίος
501 3859 549 3920 ὅτε
566 3864 696 3938 δένδρεον
714 3857 803 3942 ᾄσσει.
839 3865 918 3930 ΒΙαθ,
944 3865 1057 3922 Hermes
1074 3867 1107 3920 36
1125 3867 1212 3934 (1901)
1231 3865 1256 3920 S.
1275 3865 1325 3920 285
1344 3867 1489 3928 vermutet„
1508 3865 1563 3919 dass
1582 3864 1627 3918 ein

314 3949 423 4020 Fragm.
450 3950 498 4005 des
524 3948 708 4017 Bakchylides
735 3951 867 4020 vorliegt:
896 3946 985 4022 ἀρετὰ
1011 3944 1040 4006 δ’
1066 3947 1219 4019 αίνεομένα
1245 3947 1377 4020 δένδρεον
1403 3942 1444 4013 ίος
1461 3944 1577 4015 ἀέξεται
1593 3978 1629 3988 -—

315 4035 472 4106 IPthag.
492 4035 579 4089 Carm.
599 4050 655 4088 aur.
673 4039 706 4089 44
732 4065 766 4074 -
795 4035 840 4092 81
861 4036 915 4092 Jes.
934 4039 976 4105 48,
994 4037 1040 4100 22;
1067 4035 1210 4102 57,21-
1230 4033 1628 4094 10-14P10v.1‚10.152.

315 4122 466 4176 10—12-
486 4120 597 4176 15-27
618 4117 715 4176 Ezech.
734 4121 776 4186 18,
793 4123 861 4176 4-9

401 4339 419 4392 θ
445 4339 539 4392 δοκεῖν
566 4337 654 4394 cobet
679 4339 730 4393 279
756 4341 839 4395 δοκεῖ
852 4339 903 4393 FM
918 4339 922 4408 Ι
939 4337 1146 4411 παραγγέλλειν
1164 4336 1289 4392 Aroerius
1304 4336 1309 4402 Ι
1325 4336 1365 4391 Ῑθ
1387 4338 1556 4404 σολομῶνος
1572 4335 1605 4388 Μ
1622 4337 1626 4401 Ι
1748 4387 1749 4410 Ι

315 4421 506 4493 παραγγέλλει
523 4423 567 4476 Μ2
583 4421 760 4494 παραγγέλει
778 4425 823 4478 Μ*
839 4425 842 4492 Ι
861 4425 896 4480 ll
916 4421 988 4492 μηδὲ
1004 4420 1158 4494 πορευθῇς]
1175 4419 1245 4490 μηδὲ
1270 4422 1427 4493 βουλευθῆς
1454 4419 1521 4475 oder
1546 4417 1628 4489 [μηδὲ
1748 4417 1749 4426 ’

315 4507 468 4581 πορευθῇςΙ
495 4507 621 4577 Lagardo
639 4512 719 4562 Anm.
747 4527 768 4562 z.
797 4508 898 4578 grieeh.
917 4498 1011 4563 Ubera.
1039 4506 1065 4560 d.
1083 4505 1164 4562 Prov.
1182 4507 1216 4572 (1,
1235 4506 1290 4574 10);
1316 4505 1382 4560 aber
1408 4505 1464 4574 vgl.
1491 4505 1523 4559 St
1541 4503 1626 4558 elem.

315 4594 393 4647 Alex.
405 4610 432 4646 u.
444 4592 470 4646 d.
484 4592 556 4661 θερί.
570 4593 594 4646 S.
607 4593 639 4648 27
656 4593 714 4670 ΙΙΙὸ
733 4591 778 4649 διὰ
796 4593 817 4646 F
833 4593 836 4661 Ι
854 4594 891 4647 16
910 4589 968 4660 <ὃς>
982 4593 1013 4647 St
1026 4609 1074 4646 aus
1087 4589 1184 4647 Ezech.
1200 4608 1226 4644 u.
1240 4591 1337 4645 θέασαι.
1350 4589 1375 4643 Π
1388 4589 1438 4645 135
1453 4589 1458 4656 Ι
1474 4588 1510 4644 17
1532 4584 1627 4656 ὀρέων

315 4679 360 4733 Μ*
379 4673 487 4750 ὀρνέων
505 4677 547 4730 M²
