3532 5470
504 444 691 515 Protrepticus
709 444 773 514 Cap.
792 445 825 497 ΙΙ.
845 446 885 507 39,
904 443 1021 512 λ-Οερ.
1041 443 1085 497 HI.
1103 445 1144 508 42,
1163 445 1186 496 3.
1460 451 1498 512 31

189 613 284 697 κλῆς,
308 603 411 690 αότός
432 602 559 690 όΖεάς.
592 602 665 679 ἀλλ’
687 604 749 679 οὐκ
770 605 958 698 ἀποδρᾶναι
981 604 1065 698 ἡμᾶς
1080 603 1322 695 φυλάττουσιν,
1344 604 1500 697 Ἀσκραιε,

189 706 235 797 μῆ
258 701 463 795 ἁμαρτάνειν
485 713 520 779 δὲ
542 711 633 792 ἴσως,
656 710 689 780 οί
710 702 885 798 ἀμαρτιῶν
905 713 991 796 δῆτα
1014 704 1054 780 οό
1073 713 1318 795 πεπειραμένοι.
1349 713 1499 780 ἐνταῦθα

190 806 233 895 δὴ
256 805 297 878 τὸ
318 811 544 895 παροιμιῶδες
566 811 836 895 ἐπιφθέγξασθαι
858 804 1019 896 ἁρμόττει

498 939 629 1030 »πατὴρ
652 937 869 1030 ἀνουθέτητα
891 949 995 1012 παῖδα
1019 950 1202 1014 νουθετεῑ.ι

151 1078 220 1147 5εί
242 1069 276 1143 δ’
298 1073 363 1161 ἀρα
393 1080 447 1144 καὶ
479 1077 540 1145 είσλ
571 1073 717 1160 φύλακες
743 1066 854 1159 οὗτοι,
886 1071 949 1146 οὐκ
974 1070 1088 1168 εάνοίᾳ
1115 1083 1157 1164 τῆ
1184 1075 1269 1163 πρὸς
1296 1071 1380 1165 ἡμᾶς
1406 1090 1532 1164 περι-3

189 1184 324 1257 ποθείς,
347 1180 409 1262 τῆς
431 1179 466 1245 δὲ
487 1169 657 1264 δμεδαπῆς
680 1171 852 1256 ἀπωλείας
872 1171 1035 1263 ἐχόμενοι,
1066 1172 1226 1248 κολάκων
1254 1181 1351 1264 δίκην
1374 1179 1500 1264 ἐγχρίμ-

190 1301 340 1344 πτονται
362 1280 413 1361 τῷ
432 1281 506 1362 βίῳ,
529 1272 761 1364 δελεαζόμενοι
781 1283 913 1366 καπνῷ.
957 1273 1056 1347 αδτοί
1077 1304 1146 1346 που
1168 1279 1452 1363 έξομολογοῦνται
1468 1275 1500 1344 οἱ

190 1377 347 1460 δαίμονες
368 1371 434 1463 τῆν
456 1381 720 1463 γαστριμαργίαν
741 1374 806 1464 τῆν
828 1371 954 1446 αὐτῶν.

373 1495 489 1578 λοιβῆς
512 1519 549 1562 τε
570 1498 685 1580 κνίσης
708 1516 757 1563 τε·
781 1491 822 1563 τὸ
845 1491 907 1579 γὰρ
932 1489 1077 1580 λάχομεν
1100 1497 1198 1580 γέρας
1221 1487 1344 1580 ῆμεῑς,Ι

137 1637 173 1690 10
191 1629 359 1711 λέγοντες.
403 1629 481 1693 τίνα
508 1619 541 1693 δ’
574 1620 617 1693 ἀν
644 1623 769 1714 φωνῆν
794 1624 914 1716 ἀλλην,
946 1632 974 1695 εί
997 1624 1120 1714 φωνὴν
1143 1622 1278 1707 λάβοιεν
1299 1630 1500 1714 Αἰγυπτίων
1518 1644 1616 1700 36Ρ4

191 1729 282 1806 θεοί,
315 1721 370 1793 οἶα
402 1726 556 1809 αίλουροι
586 1731 642 1794 καί
673 1736 786 1812 γαλαῖ,
817 1723 1029 1814 προήσονται
1055 1720 1076 1813 ῆ
1099 1724 1164 1814 τῆν
1182 1720 1359 1812 Ὁμηρικήν
1386 1729 1500 1794 τεκαὶ

190 1818 389 1911 ποιητικήν,
420 1828 482 1910 τῆς
511 1832 628 1913 κνίσης
658 1854 696 1894 τε
727 1831 781 1894 καὶ
815 1818 1045 1915 ὀψαρτυτικῆς
1077 1832 1196 1912 φίλην,·
1227 1829 1353 1895 τοιοίδε
1383 1829 1500 1911 μέντοι

191 1918 274 2008 παρ’
306 1917 384 2007 δμῑν
414 1925 452 1994 σί
476 1951 513 1992 τε
545 1930 699 2013 δαίμονες
729 1930 784 1993 καὶ
816 1927 847 1996 οἱ
879 1932 954 1996 θεολ
985 1930 1040 1994 καὶ
1067 1927 1097 1992 εί
1117 1951 1207 2005 τινες
1229 1918 1362 2011 ἡμίθεοι
1385 1919 1499 2010 ὥσπερ

192 2016 327 2110 ῆμίονοι
347 2026 541 2110 κέκληνται·
566 2019 642 2093 σδδὲ
665 2023 728 2110 γὰρ
751 2019 828 2094 οὐδὲ
851 2018 1034 2112 όνομάτων
1052 2020 1131 2111 δμιν
1145 2031 1245 2094 πενία
1259 2021 1347 2109 πρὸς
1362 2020 1423 2104 τάς
1439 2027 1500 2109 τῆς

140 2134 173 2187 15
192 2118 341 2202 ἀσεβείας
362 2127 541 2205 συνθέσεις.

273 2224 326 2290 ΠΙ.
365 2225 447 2309 Φέρε
478 2221 518 2310 δὴ
550 2214 614 2292 οὖν
642 2228 697 2291 καί
731 2227 836 2295 τοῦτο
867 2230 1084 2311 προσθῶμεν,
1112 2219 1160 2306 σός
1187 2219 1417 2310 ἀπάνθρωποι
1443 2229 1581 2310 κα142,1

191 2315 432 2407 μισάνθρωποι
455 2325 610 2410 δαίμονες
632 2323 698 2391 είεν
720 2318 816 2410 ἀμῶν
839 2326 871 2394 οἱ
893 2329 968 2394 θεοὶ
990 2329 1045 2392 καὶ
1060 2321 1132 2410 αόχὶ
1147 2320 1256 2412 μόνον
1270 2325 1500 2412 έπιχαίροντες

192 2426 234 2506 τῆ
258 2426 501 2511 φρενοβλαβείη
523 2425 597 2488 τῶν
620 2415 830 2508 ἀνθρώπων,
853 2421 939 2508 πρὸς
962 2429 997 2494 δὲ
1018 2430 1073 2492 καὶ
1093 2419 1402 2508 ἀνθρωποκτονίας
1417 2419 1499 2493 ἀπο-

193 2516 367 2600 λαύοντες·
400 2527 475 2588 νυνὶ
505 2525 566 2607 μέν
598 2519 659 2601 τὰς
688 2525 725 2591 έν
752 2527 901 2602 σταδίοις
923 2519 1090 2603 ἐνόπλους
1112 2529 1334 2608 φιλονεικίας,
1366 2528 1440 2592 νυνὶ
1464 2527 1499 2590 δὲ

139 2628 175 2682 20
192 2617 253 2699 τάς
289 2621 325 2688 έν
361 2624 522 2705 πολέμοις
558 2613 768 2707 ἀναρίθμους
804 2629 997 2709 φιλοτιμίας
1033 2618 1189 2709 ἀφορμὰς
1225 2629 1338 2706 σφίσιν
1375 2616 1500 2709 ἡδονῆς

192 2713 422 2806 ποριζόμενοι,
455 2711 551 2800 όπως
582 2711 637 2788 ότι
666 2716 811 2806 μάλιστα
844 2723 950 2808 ἔχοιεν
980 2717 1210 2808 ἀνθρωπείων
1242 2715 1365 2808 ἀνέδην
1396 2723 1498 2806 ἐμφο-

193 2826 324 2902 ρεῖσθαι
346 2813 480 2903 φόνων·
507 2813 571 2906 ῆδη
598 2824 634 2889 δὲ
655 2817 742 2890 κατὰ
764 2817 881 2900 πόλεις
903 2829 959 2890 καὶ
982 2823 1079 2909 ἔθνη,
1106 2824 1211 2890 οἱονεὶ
1233 2827 1342 2908 λοιμοὶ
1366 2817 1498 2908 έπισκῆ-

194 2937 333 3000 δαντες,
363 2917 512 3000 σπονδάς
543 2913 722 3006 ἀπῆτησαν
753 2915 947 3009 ἀνημέρους.
989 2915 1221 3008 Ἀριστομένης
1251 2927 1333 3004 γοῦν
1364 2915 1382 2989 ό
1411 2925 1531 2989 βίω-2

194 3011 308 3104 σῆνιος
335 3022 385 3105 τῷ
407 3013 579 3106 Ἰθωμῆτη
603 3023 653 3086 Διὶ
680 3025 892 3105 τριακοσίους
914 3016 1115 3104 ἀπέσφαξεν,
1145 3016 1313 3100 τοσαύτας
1335 3012 1421 3106 δμοῦ
1442 3026 1499 3118 καὶ

140 3122 175 3178 25
194 3113 352 3197 τοιαύτας
381 3125 572 3204 καλλιερεῖν
603 3114 757 3203 οἰόμενος
788 3118 986 3205 ἑκατόμβας·
1017 3123 1054 3188 ἐν
1081 3117 1131 3198 οίς
1153 3123 1208 3186 καί
1234 3114 1436 3204 Θεόπομπος
1459 3121 1502 3205 ῆν

193 3207 243 3302 <ό>
267 3220 544 3303 Λακεδαιμονίων
574 3216 736 3299 βασιλεύς,
767 3221 888 3308 ἱερεῖον
918 3217 1056 3306 εὐγενές.
1108 3223 1229 3302 Ταῦροι
1257 3221 1291 3286 δὲ
1317 3214 1358 3285 τό
1386 3219 1533 3298 ἔθνος,3

194 3317 225 3382 οἱ
251 3323 327 3401 περὶ
354 3314 419 3404 τῆν
445 3314 611 3404 Ίάυρικῆν
631 3314 837 3407 χερρόνησον
858 3325 1118 3398 κατοικοῦντες,
1150 3311 1208 3397 οὓς
1230 3313 1273 3386 ἀν
1295 3322 1368 3385 τοῖιν
1390 3321 1500 3401 ξένων

192 3409 274 3502 παρ’
306 3410 422 3497 αότσίς
454 3415 567 3498 έλωσι,
598 3414 736 3489 τούτων
768 3418 807 3507 δὴ
840 3426 912 3490 των
943 3417 1030 3489 κατὰ
1061 3413 1242 3487 θάλατταν
1272 3411 1499 3498 ἐπταικότων,

192 3509 312 3584 αὐτίκα
347 3509 436 3603 μάλα
472 3522 514 3602 τῆ
550 3523 693 3604 Ταυρικῇ
724 3517 956 3588 καταθύουσιν
979 3515 1154 3606 ἰ’ίρτέμιδι·
1191 3514 1316 3596 ταύτας
1347 3539 1408 3585 σου
1438 3515 1500 3598 τάς

274 3751 447 3823 4Fraglieh,
465 3754 501 3808 ob
520 3755 609 3810 einem
627 3755 762 3826 Tragiker
780 3756 845 3810 oder
868 3757 957 3810 einem
976 3756 1107 3812 Komiker
1134 3759 1323 3818 entnommem
1346 3755 1401 3824 vgl.
1422 3756 1499 3808 Kock

192 3833 257 3888 σιν
274 3836 313 3889 111
331 3854 356 3906 p.
375 3838 425 3892 616
437 3855 476 3906 sq.
495 3839 594 3910 Adesp.
614 3841 692 3901 125&
710 3840 924 3904 Nauekfflhilol.
937 3843 953 3893 4
966 3842 1053 3908 ιιειιη
1067 3843 1092 3895 s.
1105 3843 1233 3897 358-1)
1252 3843 1319 3896 Δια
1332 3869 1365 3880 -
1379 3841 1416 3895 ιο
1428 3837 1499 3910 φερε

191 3921 222 3987 δὴ
246 3951 278 3960 -
296 3922 321 3975 S.
340 3921 387 3986 83,
406 3923 425 3978 5
444 3919 663 3994 ἀποστρέφεσθε
685 3924 784 3979 Euseb.
803 3924 847 3978 Pr.
866 3943 907 3979 ev.
925 3925 964 3979 IV
981 3928 1021 3988 16,
1041 3928 1080 3978 12.
1101 3927 1132 3980 13
1150 3955 1183 3964 -
1201 3925 1238 3979 28
1256 3919 1448 3994 Ἀριστομένης
1466 3953 1499 3962 -

192 4005 215 4057 S.
234 4003 282 4068 82,
301 4005 319 4060 8
339 4002 449 4077 ίστορεῖ
462 4006 516 4076 vgl.
538 4008 599 4076 Cyr.
617 4025 643 4060 v.
661 4007 739 4062 Alex.
758 4025 780 4062 σ.
798 4009 853 4062 Jul.
873 4009 912 4063 IV
929 4027 954 4079 p.
976 4011 1025 4063 128
1042 4009 1148 4064 Aubert

273 4207 292 4262 4
321 4204 498 4278 ἀνουθέτητα
525 4210 571 4264 Wi
598 4207 788 4280 ἀνσυθέτητος
814 4212 836 4265 Ρ
861 4213 865 4282 Ι
890 4212 985 4282 παῖδα]
1013 4208 1074 4265 υίδν
1094 4211 1188 4276 Cobet,
1207 4212 1338 4268 Mnemos.
1358 4216 1390 4267 11
1409 4213 1496 4282 (1862)

190 4307 214 4358 p.
233 4291 283 4346 336
306 4293 311 4360 Ι
334 4287 526 4363 ἀνουθέτητος
551 4298 638 4352 παῖδα
664 4299 799 4352 νουθετεῖ
812 4298 906 4368 πατὴρ
924 4297 987 4351 Rez.
1006 4313 1060 4349 von
1077 4295 1160 4351 Klotz
1177 4297 1216 4350 im
1233 4295 1328 4352 Theol.
1346 4299 1454 4353 Lit.-Bl.
1475 4317 1496 4350 z.

191 4373 254 4444 allg.
267 4375 442 4448 Kirohenztg.
465 4381 531 4436 1832
543 4379 589 4433 Nr.
602 4383 635 4437 59
651 4383 654 4449 Ι
671 4382 688 4437 ὅ
708 4372 795 4448 οὗτοι,
817 4380 869 4436 οὐκ
888 4378 993 4455 εὐνοίᾳ]
1013 4399 1058 4436 τοι
1078 4377 1131 4434 οὐκ
1148 4377 1179 4436 εδ
1190 4381 1220 4433 in
1232 4381 1293 4435 Βειε.
1307 4383 1340 4434 P¹
1356 4384 1361 4450 1
1378 4383 1415 4438 16
1427 4382 1495 4454 φέρε

190 4446 300 4529 δὴοόν]
318 4455 381 4534 φέρ’
399 4451 449 4518 οὖν
467 4463 529 4518 Eue.
549 4466 575 4518 A
594 4459 658 4534 φέρ’
679 4453 729 4520 οὖν
751 4467 783 4534 δὴ
802 4465 864 4518 Eun.
886 4465 920 4519 10
945 4468 949 4533 Ι
975 4465 1013 4521 17
1031 4461 1095 4533 ὑμῖν
1114 4465 1176 4519 Eus.
1197 4465 1231 4518 10
1248 4467 1251 4531 Ι
1267 4467 1306 4520 20
1324 4464 1497 4536 ἐναρίθμους

191 4543 252 4600 Eue.
271 4544 319 4599 AO
337 4548 530 4618 συναρίθμους
548 4547 612 4605 Eue.
631 4549 662 4618 ΙΙ
679 4552 715 4604 21
736 4545 889 4618 ἀναίδηνΡ
905 4552 908 4620 ί
925 4551 964 4604 2ss
982 4547 1026 4616 ,δι
1040 4566 1088 4604 aus
1102 4549 1163 4603 Ευε.
1181 4551 1240 4616 128
1259 4545 1354 4620 ἕλωσι]
1372 4547 1496 4620 λάβωσιν

190 4629 251 4683 Ευε.
272 4632 295 4682 Α
311 4629 449 4700 Ιτοέτων]
469 4631 614 4688 τοσούτων
632 4633 695 4687 Ευε.
714 4633 760 4686 ΒΟ
776 4635 780 4700 Ι
796 4633 835 4688 29
855 4649 906 4688 σου
926 4635 946 4685 1¹
965 4632 1027 4687 Eue.
1041 4634 1100 4688 ΒΙΟ
1119 4627 1169 4689 οὖν
1189 4633 1248 4688 Eue.
1268 4639 1292 4689 A
1311 4641 1380 4703 γοῦν
1398 4633 1446 4686 Ma
