3520 5498
530 449 711 520 Paedagogus
729 449 750 500 Ι.
770 449 834 518 Cap.
853 449 899 502 lX.
918 449 957 516 78,
976 449 1067 516 3-81,
1086 450 1109 502 3.
1418 455 1474 520 137

248 609 419 703 Ἒγκλησις
442 620 479 684 δέ
500 617 571 684 ἐστι
594 610 702 702 ψόγος
723 609 947 685 ἀδικούντων.
991 610 1105 700 τούτῳ
1130 619 1180 701 τῷ
1195 609 1510 700 παιδαγωγήματικ

161 713 222 786 διά
248 721 351 798 Δαβίδ
378 719 551 836 κέχρηται,
576 711 689 795 ιλαός,
720 707 761 784 ὃν
789 709 850 784 υύκ
876 714 1019 800 ἐγνων,ι
1045 719 1158 801 λέγων
1181 711 1398 786 εέδούλευσέν
1419 740 1477 802 μοι

160 822 222 883 καὶ
246 811 340 896 εἷς’
319 813 428 902 ακοὴν
450 811 557 884 ῶτίου
585 811 776 902 ύπήκυυσέν
797 841 885 938 μου,
916 816 982 884 υίοί
1004 807 1181 900 ἀλλότριοι
1207 807 1397 899 ἐψεύσαντό
1420 839 1477 900 μοι

160 922 224 985 καὶ
247 907 459 1002 ἐχῶλαναν’
439 911 507 986 απὸ
524 920 598 983 τῶν
612 921 742 1002 τρίβων
764 910 912 996 αύτῶνι,
934 919 989 982 καί
1012 907 1090 983 διὰ(
1087 921 1246 1001 Ιερεμίου·
1273 919 1345 982 »καί
1365 913 1476 980 ἐδωκα

118 1010 255 1102 5αύτῇ
276 1022 409 1099 βιβλίον
431 1010 649 1096 ἀποστασίου,
670 1021 727 1083 καὶ
750 1009 813 1085 ούκ
834 1009 990 1101 ἐφοβήθη
1013 1007 1202 1094 άσύνθετος
1220 1007 1353 1096 Ἰούδαι,
1377 1003 1476 1092 αὖθίς

162 1135 217 1184 τε·
244 1121 317 1184 »καί
339 1109 508 1202 η’θέτησεν
530 1116 614 1196 είςέ
614 1117 654 1200 μέ
676 1107 695 1183 6
718 1125 810 1196 οίκσς
829 1118 834 1202 Ι
852 1109 993 1200 Ἰσραήλ,
1020 1106 1118 1182 καὶ
1099 1141 1118 1182 ο
1141 1113 1234 1194 οίκος
1254 1107 1359 1184 Ἰούδα
1381 1109 1475 1198 ἐψεύ
1493 1124 1577 1182 146Ρ

162 1239 253 1285 σατο
275 1219 327 1304 τῷ
349 1220 481 1302 κυρίῳπ

252 1321 483 1403 Μεμψιμοιρία
510 1317 548 1382 δέ
568 1315 639 1382 ἐστι
669 1309 813 1400 λάθριος
838 1308 962 1400 ψόγος,
993 1319 1129 1400 τεχνικῇ
1151 1318 1290 1404 βοηθείᾳ
1312 1319 1366 1381 καὶ
1389 1307 1474 1400 αὕτη
1494 1330 1510 1384 3

163 1421 341 1500 σωτηρίαν
372 1417 640 1501 οίκονομουμένη
670 1415 708 1482 ἐν
739 1410 1029 1501 παρακαλύμματι.
1070 1419 1229 1501 κέχρηται
1256 1419 1291 1483 δὲ
1314 1408 1399 1500 αὐτῇ
1421 1410 1476 1482 διά

101 1527 142 1581 10
161 1508 332 1600 Ἱερεμίου·
365 1519 457 1594 »πῶς
479 1508 638 1584 ἐκάθισεν
658 1509 747 1600 μόνη
770 1506 790 1600 ἦ
812 1508 914 1594 πόλις
936 1506 957 1601 ἡ
978 1519 1246 1600 πεπληθυμμένη
1270 1518 1379 1596 6662,-
1410 1516 1477 1600 ἐγε-

165 1609 260 1700 νήθη
296 1607 375 1682 ῶσεὶ
410 1609 508 1701 χήρα·
545 1610 692 1700 ἄρχουσα
725 1618 853 1702 χωρῶν
884 1608 1028 1700 ἐγενήθη
1059 1617 1105 1694 είς
1136 1607 1277 1706 φόρους·
1315 1617 1477 1682 κλαίουσα

164 1714 329 1781 ἔκλαυσεν
350 1713 387 1782 ἐν
410 1720 514 1782 νυκτί
520 1741 533 1774 ‹

253 1807 425 1898 Διάσυρσις
440 1815 478 1880 δέ
491 1814 562 1882 ἐστι
581 1807 689 1900 ψόγος
704 1808 924 1897 διασυρτικός.
960 1816 1015 1880 καί
1030 1809 1146 1898 τούτῳ
1162 1815 1320 1899 κέχρηται
1335 1839 1387 1898 τῳ
1370 1815 1477 1899 βοη-
1494 1817 1535 1884 81,
1545 1820 1560 1872 1

164 1907 298 1998 θήματι
314 1939 333 1980 ο
323 1903 443 1993 ’θεῖος
463 1908 678 1998 παιδαγωγὸς
701 1908 754 1982 διά
772 1913 926 1997 Ἱερεμίου
941 1915 1064 1997 λέγων
1090 1901 1186 1996 »ὄψις
1200 1905 1330 1997 πόρνης
1344 1904 1476 1995 ἐγένετό
1550 1937 1552 1942 ·

105 2025 144 2079 15
164 2031 229 2092 σοι,
259 2005 575 2098 άπηναισχύντησας
605 2007 692 2098 πρὸς
719 2007 859 2092 πάντας.
902 2015 957 2081 καί
986 2005 1047 2098 ούχ
1069 2005 1157 2090 ῶςο
1139 2009 1236 2080 οἶκον
1257 2004 1417 2091 ἐκάλεσάς
1437 2035 1478 2095 με

164 2120 222 2179 καί
245 2115 375 2197 πατέρα
397 2108 496 2180 καί”
476 2137 623 2196 αρχοντα
646 2137 707 2198 της
728 2115 915 2198 παρθενίας
937 2130 1029 2193 σου;ι
1063 2115 1118 2179 καί
1152 2103 1282 2197 »πόρνη
1313 2107 1399 2196 καλὴ
1421 2114 1477 2178 καί

164 2213 326 2296 ἐπίχαρις,
350 2203 517 2297 ἡγουμένη
540 2205 757 2298 φαρμάκωνι.
792 2214 954 2297 τεχνικῶς
972 2203 1064 2278 πάνυ
1078 2206 1143 2297 τὴν
1156 2215 1334 2296 παρθένον
1348 2214 1399 2297 τῷ
1416 2212 1476 2296 τῆς

164 2315 328 2394 πορνείας
349 2312 523 2394 ἐνυβρίσας
545 2303 697 2396 ὀνόματι,
720 2301 819 2390 αὖθις
834 2314 889 2379 ἐπὶ
905 2307 970 2397 τὴν
985 2304 1175 2397 σεμνότητα
1190 2311 1366 2398 ἐντρέπων
1379 2333 1476 2396 μετα·

163 2419 327 2479 καλεῖται.

108 2519 146 2576 20
251 2513 520 2596 Κατανεμέαησις
551 2513 588 2578 δέ
618 2511 710 2580 ἐστιν
745 2512 932 2596 ἐπιτίμησις
962 2503 1103 2596 νόμιμος
1132 2503 1154 2596 ἢ
1184 2511 1371 2597 ἐπιτίμησις
1403 2513 1511 2580 τῶνε

163 2600 291 2692 ίδδῶν
322 2606 413 2734 παρά
446 2605 487 2678 τὸ
518 2612 695 2696 προσῆκον
716 2611 959 2696 ἐπαιρομένων.
1003 2605 1111 2694 ταύτῃ
1134 2606 1189 2678 διά
1210 2611 1363 2687 Μωσέως
1385 2611 1476 2677 ἐπαι-

165 2704 321 2795 δαγῶγει,
355 2713 494 2778 ντέκναι
528 2711 638 2795 λέγων
670 2705 848 2794 νμωμητά,
880 2706 977 2796 γενεά
1008 2705 1126 2778 σκολιὰ
1148 2713 1203 2775 καί
1226 2711 1476 2794 διεστραμμένη,

165 2811 277 2876 ταῦτα
297 2812 404 2927 κυρίῳ
425 2802 689 2926 άνταπρδίδοτε,·
719 2797 821 2887 οὗτος
843 2804 926 2887 λαός
947 2805 1061 2894 μωρὸς
1082 2811 1138 2876 καί
1161 2802 1233 2892 ούχὶ
1256 2801 1371 2892 σοφός-
1415 2801 1477 2876 ούκ

166 2901 271 2988 αὐτὸς
294 2895 397 2988 οὗτος
418 2899 438 2976 δ
459 2904 573 2994 πατὴρ
595 2902 762 2994 ἐκτήσατό
784 2930 835 2990 σε,·
839 2934 853 2969 ‹
877 2911 933 2976 καί
955 2905 1010 2976 διὰ
1031 2899 1164 2975 Ἠσαίου
1186 2911 1300 2993 φησίν·
1347 2902 1441 2974 ’ol'
1421 2931 1477 2992 αρ-

112 3028 146 3082 25
164 3011 287 3096 χοντές
303 3029 364 3077 σου
379 3003 589 3089 ἀπειθοῦσιν,
603 3011 947 3088 κοινωνοίκλεπτῶν,
962 3001 1162 3094 ἀγαπῶντες
1176 3009 1278 3090 δῶρα,
1293 3002 1477 3084 διῶκοντες

166 3100 400 3193 α’νταιιόδομα,
424 3099 589 3191 ὀρφανοῖς
611 3133 651 3174 ου
642 3101 873 3191 ’κρίνοντεςι

252 3201 418 3275 Καθόλου
427 3199 652 3292 δέἡπερίτόν
662 3199 772 3292 φόβον
789 3199 894 3274 αύτού
905 3208 1105 3291 τεχνολογία
1114 3208 1285 3290 σωτηρίας
1294 3205 1364 3272 ἐστὶ
1374 3198 1475 3290 πηγή,
1494 3215 1509 3269 3

166 3301 302 3394 άγαθού
317 3307 355 3373 δέ
367 3330 403 3391 γε
418 3301 460 3374 τὸ
475 3300 608 3392 σῴζειν·
626 3306 738 3386 »ἔλεος
752 3308 788 3374 δέ
801 3310 919 3392 κυρίου
933 3306 986 3373 ἐπί
1001 3307 1114 3373 πᾶσαν
1130 3297 1247 3387 σάρκα·
1264 3305 1476 3388 ἐλίγχωνκαί

165 3399 339 3473 παιδεύων
352 3408 407 3472 καί
417 3398 586 3472 διδάσκων
596 3399 644 3486 ῶς
652 3401 779 3492 ποιμὴν
789 3401 831 3474 τὸ
840 3410 1001 3491 ποίμνιον
1015 3397 1130 3474 αύτού.
1151 3399 1233 3484 τούς
1242 3405 1478 3489 ἐκδεχομένους

113 3514 147 3570 30
164 3507 322 3573 παιδείαν
348 3505 424 3593 ἐλεᾷ
451 3509 508 3572 καὶ
534 3501 615 3586 τούς
636 3498 980 3588 κατασπευδάςοντας
1001 3507 1047 3584 είς
1068 3497 1230 3590 κόλλησιν
1253 3497 1379 3590 αὐτῷ’(
1420 3509 1478 3571 καὶ

164 3600 275 3688 ταύτῃ
295 3607 337 3688 τῇ
353 3597 469 3690 ἀγωγῇ
488 3601 681 3687 »ἑξακοσίας
695 3597 846 3690 χιλιάδας
860 3609 984 3688 πεζῶν,
1007 3600 1088 3684 τούς
1103 3606 1390 3688 ἐπισυναχθέντος
1404 3604 1441 3672 ἐν
1456 3593 1476 3690 ᾖ

165 3704 265 3789 ἐσχον
280 3707 535 3792 σκληροκαρδία,
545 3708 729 3790 μαστιγῶν,
740 3705 856 3787 ἐλεῶν,
867 3701 1020 3786 τύπτων,
1034 3701 1190 3788 ἐσόμενος,
1201 3703 1238 3770 ἐν
1248 3706 1412 3790 οίκτιρμῷ
1422 3708 1478 3770 καὶ

254 3937 327 3992 2-4
345 3937 414 3992 Ρεοί.
435 3941 474 3999 17,
492 3941 594 3994 44-46
612 3969 645 3978 -
664 3939 709 3994 41
730 3940 829 3995 Jerem.
848 3941 872 4007 3,
891 3939 958 3993 8-
976 3939 1018 3996 61
1042 3941 1140 3994 Jerem.
1159 3943 1183 4000 5.
1202 3941 1300 3994 111-
1319 3939 1337 3995 8
1356 3939 1479 4008 Apostol.

164 4023 219 4077 XIl
236 4021 287 4084 λος
306 4027 401 4077 Amen.
414 4022 516 4076 XXXV
529 4024 562 4078 39
581 4053 613 4065 -
633 4025 747 4081 10-12
766 4024 875 4092 Klagel.
894 4024 992 4079 Jerem.
1012 4027 1035 4092 1,
1056 4023 1089 4077 11
1105 4053 1136 4062 -
1158 4023 1268 4078 14-16
1286 4021 1386 4076 Jerem.
1404 4024 1428 4090 3,
1447 4022 1482 4076 af

164 4137 199 4148 —
220 4106 283 4163 161
297 4106 366 4162 Nah.
385 4109 409 4172 3,
427 4111 444 4162 4
462 4136 493 4145 -
514 4107 628 4164 22-24
647 4109 727 4164 Βευί.
746 4110 787 4173 32,
806 4109 846 4164 51
870 4137 903 4148 —-
929 4109 1115 4164 24-261εε.
1135 4111 1158 4170 1,
1176 4108 1209 4160 23
1235 4135 1268 4144 -—
1296 4104 1410 4160 28-80
1428 4104 1478 4158 Sir.

166 4191 444 4256 18,131-31-8.
465 4192 531 4260 1⁸8,
551 4194 567 4248 1
587 4192 636 4247 Sir.
656 4195 697 4256 16,
717 4194 750 4248 10
767 4193 830 4262 (mit
849 4191 954 4260 δίοιτο)

254 4392 274 4448 ⁸
290 4411 347 4462 μου
359 4394 380 4448 F
391 4412 442 4460 μοι
454 4392 483 4446 Μ
498 4395 502 4460 Ι
517 4411 568 4461 μοι
580 4393 601 4446 F
618 4412 654 4462 με
667 4394 695 4447 Μ
711 4396 715 4461 Ι
731 4392 749 4449 5
768 4384 851 4457 αὖθίς
868 4409 899 4448 τε
912 4423 943 4431 --
956 4396 974 4450 6
991 4387 1078 4450 ’ίούδα
1091 4394 1124 4446 21
1143 4409 1187 4446 am
1199 4390 1278 4444 Rand
1293 4391 1298 4458 Ι
1314 4389 1351 4444 15
1364 4391 1413 4444 καί
1426 4387 1477 4459 αύχ

165 4472 207 4542 ὼς
227 4470 318 4546 οἶκον]
336 4479 386 4532 καί
404 4474 455 4547 οὐχ
474 4473 514 4542 ὼς
532 4474 572 4542 είς
590 4471 670 4532 οίκον
688 4478 729 4530 M1
748 4478 789 4530 als
809 4477 939 4532 variante
958 4495 1002 4530 am
1020 4477 1097 4531 Rand
1122 4479 1126 4544 Ι
1151 4477 1189 4533 18
1207 4475 1351 4547 πορνείας]
1370 4473 1478 4544 πδρνης

165 4561 279 4617 Mfinzel
294 4563 299 4630 Ι
314 4561 351 4618 21
373 4553 457 4630 ύδῶν]
476 4577 543 4616 corr.
562 4579 610 4616 aus
630 4553 671 4617 ὁδ’
683 4556 725 4617 ὢν
742 4563 783 4616 M¹
803 4557 871 4617 υίῶν
889 4561 992 4616 Hervet
1009 4563 1117 4616 παίδων
1135 4562 1169 4616 Di
1188 4559 1267 4632 νδμῳ
1286 4559 1365 4613 Schw
1379 4553 1477 4632 ὄγκῳθ

167 4645 352 4713 1ίίίυτε112θ
371 4642 575 4702 άνταιισδίδοτε
593 4646 626 4698 F¹
646 4643 865 4702 ἀνταπαδίδοται
883 4646 947 4700 661
964 4645 1024 4714 128
1042 4641 1075 4701 τὸ
1094 4647 1179 4701 Ρτῶι
1190 4643 1219 4697 M
