3532 5470
290 459 329 519 20
874 451 1007 506 Clemens.

289 641 397 703 μενος.
440 611 505 683 τὸν
534 613 596 701 γάρ
628 609 870 701 εὐεργετοῦντα
899 613 944 702 μὴ
975 619 1143 695 συνιέντες
1170 611 1255 684 θεὸν
1277 609 1480 686 ἀνέπλασάν
1503 641 1599 696 τινας
1615 625 1662 680 BS

290 719 447 804 σωτῆρας
463 711 687 800 Διοσκούρους
701 720 756 783 καὶ
770 708 930 800 Ἡρακλέα
944 710 1143 798 ἀλεξίκακον
1156 719 1211 782 καί
1226 709 1427 802 Ἀσκληπιὸν
1446 724 1450 797 Ι
1469 711 1599 802 ἰατρόν.
1615 730 1648 784 23
1662 729 1683 780 P

290 807 391 886 αὗται
412 819 473 903 μὲν
497 818 531 884 αί
553 807 733 900 δλισθηραί
755 820 869 882 τεκαὶ
891 817 1079 898 ἐπιβλαβεῖς
1101 810 1322 900 παρεκβάσεις
1344 819 1405 902 τῆς
1428 809 1599 902 ἀληθείας,
1616 827 1682 893 27,1

290 921 517 987 καθίλκουσαι
541 909 734 1000 οὐρανόθεν
755 910 820 982 τόν
842 911 1034 999 ἄνθρωπον
1055 921 1111 982 καὶ
1131 917 1178 994 είς
1192 910 1368 1002 βάραθρον
1382 919 1601 1002 περιτρέπου-
1758 906 1762 915 ’

257 1027 272 1077 5
291 1038 352 1085 σαι
389 1017 499 1084 ἐθέλω
521 1017 556 1082 δε
578 1010 656 1100 ύμῖν
678 1017 715 1082 ἐν
734 1016 806 1100 χρῷ
829 1015 910 1092 τούς
933 1010 1034 1091 θεοὺς
1058 1007 1181 1094 αύτούς
1203 1016 1363 1098 ἐπιδεῖξαι
1382 1006 1496 1083 ὁποῖοί
1510 1039 1602 1093 τινες

290 1121 346 1183 καὶ
369 1117 398 1184 εί
420 1141 519 1195 τινες,
552 1107 592 1182 λ”ν
616 1107 680 1201 ἤδη
702 1117 788 1180 ποτε
820 1115 883 1198 τῆς
913 1107 1044 1199 πλάνης
1076 1108 1210 1200 λήξητε,
1243 1101 1342 1194 αὖθις
1365 1115 1400 1182 δὲ
1421 1117 1602 1198 παλινδρο-

291 1210 418 1304 μήσητε
448 1218 494 1294 εἰς
518 1207 671 1300 ούρανόν.
719 1202 818 1299 »ἦμεν
840 1206 902 1298 γάρ
924 1238 993 1282 που
1013 1217 1068 1281 καὶ
1090 1207 1225 1300 ἡμεῖςτ
1205 1205 1349 1280 τέκνα
1331 1215 1441 1299 οργῆς,
1474 1206 1522 1292 ῶς
1544 1218 1632 1282 καὶλ

292 1317 477 1384 σίλοιποί
509 1304 586 1379 δδὲ
609 1309 690 1393 θεὸς
711 1308 875 1392 πλούσιος
899 1301 1009 1382 ῶνέν
1031 1315 1124 1384 ἐλέει
1148 1309 1201 1380 διὰ
1224 1309 1288 1399 τὴν
1310 1309 1444 1398 πολλὴν
1467 1305 1603 1398 ἀγάπην

292 1409 407 1496 αὐτοῦ,
432 1409 476 1500 ἣν
497 1406 671 1500 ἠγάπησεν
685 1407 778 1500 ἡμᾶς,
801 1403 904 1492 ὄντας
919 1405 983 1497 ἤδη
1001 1409 1138 1496 νεκρούς
1154 1428 1224 1492 τοῖς
1239 1409 1514 1498 παραπτώμασιν
1528 1431 1603 1480 συν-

242 1522 276 1576 10
293 1520 523 1601 εζωοποίησεν
542 1517 592 1598 τῷ
610 1516 774 1600 Χριστῷ.ι
814 1509 934 1596 ζῶν
899 1537 961 1598 γαρ
977 1539 995 1580 ο
987 1504 1113 1599 λόγος
1127 1517 1182 1578 καὶ
1198 1504 1250 1598 <ό>
1266 1516 1445 1597 συνταφείς
1462 1515 1601 1599 Χριστῷ

294 1618 505 1698 συνυψούται
528 1618 610 1700 θεῷ.
654 1614 686 1681 σί
710 1616 745 1681 δὲ
768 1611 818 1679 ἔτι
840 1608 979 1679 άπιστοι
997 1615 1117 1679 »τέκνα
1133 1603 1252 1697 ἀρχῆς(
1272 1603 1508 1696 ὀνομάζονται,
1532 1637 1603 1696 τρε-

294 1708 426 1800 φόμενα
457 1705 552 1799 ἀργῇ·
597 1706 689 1798 ἡμεῖς
721 1713 755 1778 δὲ
788 1705 849 1780 ούκ
880 1703 982 1798 ἀρχῆς
1013 1716 1191 1798 θρέμματα
1220 1709 1285 1789 ἔτι,
1317 1715 1349 1780 οί
1380 1713 1440 1798 τῆς
1470 1705 1603 1796 πλάνης

294 1809 594 1936 ἀπεσπασμένοι,
582 1808 741 1890 ἆσσοντες
773 1815 808 1878 δὲ
836 1815 890 1878 ἐπὶ
922 1807 988 1897 τὴν
1018 1804 1190 1897 ἀλήθειαν.
1235 1805 1342 1895 ταύτῃ
1369 1837 1424 1878 τοι
1454 1805 1546 1897 ημεῖς
1569 1811 1632 1880 023

294 1918 356 2001 τῆς
385 1907 526 1998 ἀνομίας
555 1912 623 1979 υἱοί
652 1935 738 1979 ποτε
770 1905 824 1980 διὰ
856 1906 921 1995 τὴν
951 1916 1218 1995 φιλανθρωπίαν
1241 1913 1304 1979 τοῦ
1326 1905 1431 1997 λόγου
1453 1914 1515 1978 νῦν
1536 1911 1602 1979 υίοί

245 2022 276 2073 15
294 2009 479 2102 γεγόναμεν
510 2015 572 2079 τοῦ
603 2015 699 2078 θεοῦ·
743 2003 821 2095 ύμῖν
852 2013 887 2078 δὲ
914 2001 1008 2077 καλό
1031 2002 1189 2094 ύμέτερος
1211 2003 1396 2078 ὑποδύεται
1417 2000 1602 2096 ποιητὴςό

294 2109 553 2199 Ακραγυντῖνος
575 2104 811 2197 Ἐμπεδοκλῆς

465 2203 639 2296 τοιγάρτοι
662 2214 845 2294 χαλεπῇσιν
868 2202 1029 2286 ἀλύοντες
1051 2201 1236 2294 κακότησιν

465 2300 505 2378 ού
527 2333 613 2378 ποτε
636 2311 796 2375 δειλαίων
818 2301 926 2392 ἀχέων
949 2301 1126 2393 λωφήσετε
1149 2301 1269 2391 θυμόν.

296 2425 422 2513 τὰμὲν
451 2423 493 2512 δὴ
524 2433 666 2491 πλεῖστα
688 2420 894 2509 μεμύθευται
922 2428 978 2492 καί
1000 2427 1190 2492 πέπλασται
1212 2427 1288 2508 περὶ
1311 2430 1405 2494 θεῶν
1427 2418 1515 2511 ύμῖν·
1559 2420 1634 2492 τά4

245 2532 278 2586 20
297 2531 332 2595 δὲ
353 2529 428 2611 [καὶ]
450 2516 512 2592 ὅσα
532 2528 731 2611 γεγενῆσθαι
745 2517 960 2608 ὑπείληπται,
976 2527 1084 2590 ταῦτα
1100 2527 1135 2592 δὲ
1150 2528 1226 2608 περὶ
1242 2517 1443 2610 ἀνθρώπων
1459 2527 1604 2610 αἰσχρῶν

296 2631 350 2695 καί
374 2618 523 2710 ἀσελγῶς
545 2620 764 2706 βεβιωκότων
787 2615 1049 2710 ἀναγέγραπται·

466 2735 565 2826 τύφῳ
588 2744 643 2808 καὶ
665 2745 767 2827 μανίη
790 2744 825 2809 δὲ
847 2743 996 2823 βαδίζετε
1019 2744 1074 2806 καὶ
1096 2744 1215 2824 τρίβον
1238 2733 1349 2827 όρθὴν

465 2834 599 2910 εύθεῖαν
620 2835 848 2924 προλιπόντες
870 2834 1045 2926 ἀπήλθετε
1068 2835 1132 2924 τὴν
1155 2833 1195 2907 δι’
1220 2833 1386 2909 ἀκανθῶν

464 2945 519 3009 καί
542 2936 733 3010 σκολόπων.
778 2945 812 3007 τί
833 2943 1020 3020 πλανᾶσθε,
1043 2943 1175 3022 βροτοί,·
1197 2935 1382 3015 παύσασθε,
1403 2935 1549 3026 μάταιοι,

245 3048 278 3102 25
463 3046 645 3110 καλλίπετε
668 3045 810 3126 σκοτίην
832 3034 963 3117 νυκτός,
986 3034 1105 3122 φωτὸς
1128 3041 1163 3104 δὲ
1186 3033 1358 3124 λάβεσθεί

297 3161 406 3225 ταῦτα
429 3151 506 3246 ἡμῖν
530 3149 549 3241 ἡ
571 3153 770 3243 προφητικὴ
792 3157 963 3244 παρεγγυᾷ
984 3159 1040 3221 καὶ
1062 3151 1222 3240 ποιητικὴ
1242 3161 1407 3236 Σίβυλλα·
1429 3160 1601 3246 παρεγγυᾷ
1619 3161 1717 3218 24Ρ5

298 3261 333 3325 δὲ
365 3259 420 3323 καὶ
445 3249 465 3342 ἡ
488 3249 646 3342 ἀλήθεια,
678 3258 847 3341 γυμνούσα
876 3257 951 3322 τῶν
977 3258 1265 3340 καταπληκτικῶν
1292 3259 1442 3322 τουτωνὶ
1472 3261 1528 3323 καὶ
1554 3257 1604 3322 ὲκ-

299 3359 500 3442 πληκτικῶν
522 3359 753 3441 προσωπείων
776 3352 839 3422 τόν
862 3344 964 3439 όχλον
986 3357 1059 3422 τῶν
1082 3357 1186 3423 θεῶν,
1210 3361 1435 3439 συνωνυμίαις
1457 3361 1522 3422 τισί
1545 3351 1605 3434 τὰς

299 3458 494 3536 δοξοποιίας
517 3457 734 3538 διελίγχουσα.

248 3558 281 3612 30
383 3547 514 3620 Αύτίκα
540 3557 623 3637 γοῦν
646 3553 727 3620 εἰσίν
747 3553 782 3618 οἳ
808 3569 897 3636 τρεῖς
924 3549 1004 3630 τούς
1028 3555 1138 3637 Ζῆνας
1166 3547 1431 3637 ἀναγράφουσιν,
1460 3549 1522 3622 τὸν
1543 3559 1604 3641 μὲν
1621 3568 1685 3632 28,1

301 3653 489 3738 Αἰθέρος
475 3679 512 3719 εν
532 3645 698 3740 >’ίρκαδίρι
731 3649 782 3718 τῶ
806 3654 841 3718 δὲ
864 3650 974 3718 λοιπῶ
996 3655 1060 3720 τοῦ
1084 3645 1219 3738 Κρόνου
1242 3654 1349 3732 παῖδε,
1381 3649 1522 3723 τούτοιν
1544 3652 1606 3724 τόν

299 3753 418 3838 ιιὲνίν
436 3746 561 3837 Κρήτη,
587 3746 737 3835 θάτερον
760 3753 853 3818 δὲέν
867 3744 1019 3840 Ἀρκαδία
1041 3746 1152 3818 πάλιν.
1198 3753 1372 3821 είσὶδὲοῖ
1393 3748 1604 3839 πεντεἎθη-
1622 3761 1638 3814 2

300 3857 359 3932 νᾶς
381 3846 618 3932 ύποτίθενται,
641 3848 706 3936 τὴν
728 3875 788 3936 μεν
809 3843 1000 3934 Ἡφαίστου,
1024 3847 1088 3936 τὴν
1069 3845 1305 3938 νῖ·ίθηναίαν
1329 3850 1394 3938 τὴν
1417 3856 1452 3920 δὲ
1473 3858 1606 3935 Νείλου,

386 4055 480 4110 7-10
497 4053 594 4120 Ephes.
612 4055 635 4118 2,
648 4055 715 4108 3-5
727 4085 760 4093 -
775 4053 835 4110 1οί
843 4054 899 4124 vgl.
912 4055 988 4108 Rom.
1002 4057 1026 4118 6,
1038 4059 1067 4116 4;
1086 4054 1147 4107 Kol.
1160 4056 1183 4116 2,
1203 4055 1235 4106 12
1254 4083 1286 4094 -
1307 4054 1366 4110 m
1380 4055 1492 4127 Emped.
1505 4055 1548 4112 h.
1557 4059 1607 4112 145

300 4140 425 4193 Diels-
445 4139 559 4194 22-25
578 4137 656 4192 Orac.
681 4137 777 4208 Sibyll.
796 4139 838 4193 Fr.
858 4143 881 4204 1,
900 4141 1009 4194 23-25.
1027 4139 1060 4192 27
1078 4169 1111 4176 -
1130 4139 1229 4193 βθ-θ.
1250 4140 1297 4204 21,
1317 4141 1356 4195 14
1378 4141 1434 4211 vgl.
1456 4141 1607 4207 Michaelis,

300 4223 341 4277 De
359 4224 465 4293 origine
490 4222 588 4277 indicis
607 4223 719 4279 deorum
737 4223 933 4293 cognominum
950 4224 1022 4278 Dies.
1041 4221 1134 4278 Berlin
1154 4225 1231 4286 189&
1260 4223 1315 4278 Cio.
1343 4224 1377 4278 de
1403 4224 1476 4280 deor.
1494 4229 1551 4278 nat.
1570 4227 1607 4278 ΙΙΙ

301 4306 414 4366 53-593
434 4306 534 4360 Arnob.
553 4308 614 4361 adv.
633 4313 689 4362 nah.
709 4309 748 4361 IV
768 4311 807 4363 14.
828 4311 860 4364 15
877 4337 910 4346 —-
930 4309 1028 4364 82-8.
1048 4309 1096 4372 21,
1114 4308 1133 4362 4
1151 4309 1205 4376 ng.
1225 4307 1305 4362 Firm.
1325 4309 1391 4363 Mat.
1410 4308 1444 4362 de
1462 4327 1512 4365 err.
1531 4311 1564 4364 16

386 4473 404 4528 5
422 4480 493 4545 χρῶι
511 4474 547 4526 P²
563 4473 625 4546 χρὼ
639 4477 674 4528 P*
692 4479 695 4544 Ι
710 4495 784 4542 τινες
797 4487 829 4535 <
842 4477 881 4530 Po
897 4477 901 4545 Ι
917 4481 935 4532 6
953 4472 984 4534 εί
995 4477 1102 4542 τινεςΡ
1121 4479 1193 4542 τίνες
1212 4475 1282 4532 εἰσίν
1295 4479 1333 4532 Ιό
1353 4476 1424 4535 είσίν
1435 4477 1470 4533 Ι)ἰ
1484 4481 1489 4546 Ι
1506 4482 1545 4535 10
1564 4477 1608 4548 (δζι

302 4557 380 4610 Schw
396 4559 399 4624 Ι
417 4557 454 4613 15
473 4554 633 4629 ὑποδύεται]
651 4557 806 4616 ἀποδύεται
825 4562 904 4614 Sehw
919 4563 923 4628 1
941 4560 1005 4617 λθί
1019 4560 1063 4630 ίτδι
1083 4561 1123 4630 δὲ]
1140 4563 1246 4616 ualWi
1263 4563 1323 4629 120
1343 4563 1410 4633 [καί]
1430 4559 1484 4620 ὅσα
1502 4565 1533 4619 St
1554 4559 1607 4620 ὅσα

300 4643 350 4697 καί
367 4642 409 4695 Ma
428 4644 431 4710 ί
449 4643 487 4699 28
506 4646 693 4714 συνωνυμίαις
710 4648 745 4712 (ις
762 4645 791 4700 in
809 4646 880 4714 Rus.)
900 4647 921 4698 P
