3520 5480
908 411 1042 466 Clemens.

606 609 662 676 VI.
676 599 748 675 ‘'Ott
770 603 875 696 μόνος
897 605 1059 690 πλούσιος
1082 601 1100 678 ό
1126 604 1336 692 Χριστιανός.

401 719 560 792 Πλούτου
590 730 708 794 τοίνυν
737 729 973 812 μεταληπτέον
995 718 1181 813 ἀξιολόγως
1202 729 1258 794 καὶ
1280 728 1488 812 μεταδοτέον
1512 737 1640 814 φιλαν-
1659 754 1715 813 ’μμ

318 819 478 906 θρώπως,
502 818 542 892 οδ
563 819 740 906 βανιιάσως
764 819 841 894 οόδέ
866 829 870 910 Ι
895 817 1113 909 ἀλαζονικῶς,
1136 819 1213 893 οάδέ
1235 827 1443 912 ἐκτρεπτεόν
1465 825 1508 898 τό
1533 825 1640 914 φιλό-
1658 845 1729 902 ‘3141’

315 931 423 992 καλον
453 923 498 1002 εἰς
529 930 712 1008 φιλαυτίαν
742 930 798 992 καὶ
828 919 1082 1009 ἀπειροκαλίαν,
1114 918 1158 1010 μή
1188 951 1237 1010 πη
1270 921 1334 1010 ἀρα
1356 925 1521 1014 καὶπρὸς
1546 923 1639 1014 ἡμᾶς

281 1017 406 1107 ςφήση
433 1049 496 1102 τις·
540 1016 559 1092 ό
587 1025 691 1104 ἵππος
713 1019 819 1093 αὐτοῦ
842 1027 1081 1094 πεντεκαίδεκα
1103 1019 1288 1094 ταλάντων
1311 1027 1404 1094 ἐστὶν
1426 1023 1520 1112 ἀξιας
1545 1021 1566 1116 ἦ
1590 1027 1638 1098 τὸ

313 1127 440 1206 χωρίον
470 1115 491 1208 ἢ
522 1115 540 1192 ἀ
572 1127 707 1210 οἰκέτης
739 1117 760 1210 ή
793 1119 833 1192 τὸ
867 1130 1016 1210 χρυσίον,
1048 1118 1150 1204 αὐτὸς
1183 1127 1218 1192 δὲ
1248 1129 1386 1210 χαλκῶν
1417 1128 1488 1195 ἐστι
1520 1133 1640 1216 τίμιος
1742 1147 1743 1216 Ι

314 1225 429 1307 τριῶν.
474 1215 594 1291 αὐτίκα
625 1227 709 1310 γοῦν
737 1230 871 1312 περίελε
901 1221 965 1292 τὸν
995 1217 1124 1310 κόσμον
1155 1229 1228 1292 τῶν
1258 1229 1429 1312 γυναικῶν
1459 1234 1516 1296 καὶ
1549 1227 1670 1310 τοτ“·.,·-,Ι

314 1323 447 1400 οἰκέτας
470 1325 544 1389 τῶν
565 1325 753 1404 δεσποτῶν,
786 1318 884 1395 οὐδὲν
907 1327 1132 1408 διαφέροντας
1154 1327 1229 1391 τῶν
1251 1318 1511 1412 ἀργυρωνήτων
1532 1323 1635 1414 εά-ρή·

313 1441 379 1498 σεις
402 1418 484 1500 τοὺς
507 1415 686 1504 δεσπότας,
711 1419 771 1493 οὐκ
794 1427 831 1494 ἐν
852 1427 1037 1510 βαδίσματι,
1059 1418 1121 1492 οάκ
1143 1425 1179 1492 ἐν
1201 1427 1373 1510 βλέμματι,
1396 1418 1458 1492 οάκ
1482 1427 1520 1495 ἐν
1545 1433 1636 1510 φθέ·

261 1547 294 1600 10
312 1542 425 1606 γματι·
448 1511 560 1600 οὕτως
583 1527 702 1592 τοίνυν
723 1541 796 1602 τοῖς
818 1517 1046 1608 ἀνδραπόδοις
1068 1525 1225 1592 ἐοίκασιν.
1264 1517 1428 1594 ἀλλὰκαὶ
1451 1528 1503 1610 τῷ
1527 1520 1634 1596 ἀσθε-

312 1625 463 1706 νέστεροι
494 1621 580 1690 εἰναι
614 1627 686 1690 τῶν
717 1624 864 1693 οἰκετῶν
888 1626 1119 1707 διακρίνονται
1142 1627 1196 1690 καὶ
1219 1627 1269 1709 τῷ
1293 1619 1525 1710 νασηλάτερον
1547 1620 1631 1694 ἀνα-

311 1715 517 1805 τεθράφθαι.
562 1719 703 1806 ἀρισταν
734 1727 817 1808 γοῦν
849 1716 1031 1809 δογμάτων
1057 1726 1162 1792 τοῦτο
1186 1715 1279 1810 ᾄδειν
1300 1717 1381 1808 παρ’
1404 1723 1530 1794 ἕκαστα
1549 1723 1666 1814 χρή,3

310 1815 357 1900 αίς
379 1813 399 1888 δ
421 1824 482 1907 μὲν
506 1813 635 1906 ἀγαθὸς
658 1816 743 1908 ἀνὴρ
766 1819 917 1907 σαόφρων
940 1811 991 1889 ὢν
1009 1827 1065 1890 καὶ
1080 1824 1208 1900 δίκαιος
1224 1823 1261 1889 ἐν
1276 1815 1412 1910 οὐρανῷ
1429 1831 1629 1910 θησαυρίζει
1743 1848 1744 1940 Ι

310 1917 352 1988 τά
372 1916 538 2008 χρήματα·
562 1911 663 2001 οὗτος
687 1917 728 2006 [ὁ]
752 1919 795 1989 τά
817 1923 944 2008 ἐπίγεια
965 1915 1216 2006 καταπωλήσας
1238 1924 1292 1988 καί
1314 1939 1463 2007 πτωχοῖς
1486 1924 1629 2005 ἐπιδοὺς
1743 1943 1744 2020 Ι

258 2046 290 2099 15
309 2015 373 2088 τὸν
389 2015 594 2107 ἀνώλεθρον
610 2023 788 2105 ἐξευρίσκει
803 2015 987 2107 θησαυρόν,
1004 2022 1088 2089 ἔνθα
1104 2015 1145 2088 οὗ
1159 2016 1228 2107 σής,
1245 2014 1285 2088 αά
1301 2016 1439 2108 λῃστής·
1458 2019 1662 2110 μακάριαςς
1743 2095 1744 2113 Ι

308 2109 410 2200 οὗτος
434 2111 558 2199 ὅντως,
582 2115 641 2188 ἐάν
664 2147 698 2188 τε
723 2119 860 2206 σμικρὸς
881 2125 937 2187 καὶ
959 2115 1106 2206 ἀσθενήςΙ
1128 2124 1183 2188 καὶ
1207 2116 1328 2202 ἄδοξος
1342 2112 1373 2206 ή,
1394 2126 1450 2189 καί
1465 2128 1628 2193 πλοῦτον
1743 2117 1744 2120 ¹

307 2211 419 2298 ὄντως
441 2227 590 2290 πλουτεῖ
610 2217 673 2288 τόν
694 2223 865 2307 μέγιστον·
895 2217 955 2287 ἐάν
978 2223 1013 2288 δὲ
1036 2217 1101 2305 ἀρα
1123 2225 1256 2305 πλουτῇ
1278 2224 1340 2305 μέν
1362 2216 1490 2307 Κινύρα
1507 2229 1625 2292 τεκαὶ

307 2323 396 2387 Μίδα
417 2323 559 2406 μᾶλλον,
583 2310 602 2404 ή
627 2324 662 2387 δὲ
686 2317 800 2400 ἀδικσς
814 2324 870 2388 καί
885 2313 1114 2405 ἀφερήφανος,
1137 2313 1293 2404 καθάπερ
1317 2313 1388 2388 όέν
1403 2326 1446 2406 τῇ
1461 2309 1624 2412 πορφύρᾳ

305 2421 359 2484 καὶ
391 2414 502 2504 βύσσῳ
535 2423 679 2504 τρυφῶν
708 2426 764 2486 καί
797 2415 861 2487 τὸν
884 2413 1043 2504 Λάζαρον
1073 2415 1313 2503 ἀπερηφανῶν,
1345 2416 1467 2500 ἄθλιός
1490 2428 1531 2492 τέ
1551 2425 1623 2492 ἐστι

254 2541 287 2595 20
304 2522 359 2585 καὶ
382 2511 531 2602 ἀνιαρῶς
554 2523 593 2603 ζῇ
615 2523 670 2586 καί
693 2513 733 2588 οδ
756 2515 898 2606 ζήσεται,
941 2521 1084 2588 ἐοικέναι
1114 2520 1197 2605 γοῦν
1230 2544 1287 2604 μοι
1309 2521 1403 2588 δοκεῖ
1423 2513 1441 2588 ἀ
1464 2527 1620 2602 πλοῦτος
1639 2550 1703 2600 3,·,1

304 2615 447 2704 ἑρπετῷ,
479 2607 518 2684 οὗ
542 2621 569 2684 εἰ
599 2613 644 2705 μή
666 2646 718 2696 τις
740 2619 915 2687 ἐπίσταιτο
943 2621 1104 2699 λαβέσθαι
1127 2609 1291 2700 ἀβλαβῶς,
1314 2615 1501 2704 πόρρωθεν
1525 2617 1618 2692 ἀκιν-

304 2713 415 2797 δύνως
447 2713 551 2803 ἀκρας
585 2712 687 2804 αάράς
719 2711 933 2804 ἀνακρημνάς
963 2714 1005 2787 τό
1036 2725 1169 2804 θηρίον,
1200 2709 1436 2803 περίπλέξεται
1467 2725 1511 2806 τῇ
1532 2727 1619 2808 χειρὶ

302 2823 357 2886 καὶ
389 2812 537 2903 δήξεται·
583 2815 692 2897 δεινὸς
724 2822 759 2886 δὲ
785 2811 881 2886 καὶὸ
912 2821 1069 2898 πλοῦτος·
1097 2815 1329 2904 ἰλυσπώμενος
1355 2816 1448 2904 παρὰ
1475 2817 1541 2908 τήν
1565 2821 1618 2908 ἐμ-

301 2944 421 3003 πειρσν
444 2910 465 3003 ή
497 2914 637 3002 ἀπειρον
669 2912 775 2987 αὐτοῦ
806 2915 913 3004 λαβήν
942 2921 1137 3005 προσφῦναι
1167 2921 1223 2985 καὶ
1253 2913 1401 3000 δάκνειν,
1432 2923 1461 2987 εἰ
1491 2916 1537 3007 μή
1565 2949 1617 3002 τις

250 3039 283 3092 25
301 3011 396 3104 αὐτῷ
418 3021 777 3103 καταμεγαλαφρονῶν
798 3013 1034 3104 ἐπιστημόνως
1054 3023 1183 3105 χρῷτο.
1206 3019 1262 3084 ίνα
1283 3015 1345 3085 σὺν
1361 3022 1403 3103 τῇ
1418 3019 1537 3106 ἐπῳδῇ
1551 3027 1616 3090 τοῦ

301 3113 406 3203 λόγου
427 3120 653 3203 καταξέσηται
674 3119 736 3203 μὲν
758 3114 799 3185 τό
822 3121 957 3203 θηρίον,
982 3111 1083 3196 αὐτὸς
1107 3120 1141 3185 δέ
1163 3109 1301 3204 ἀπαθής
1315 3123 1419 3206 μείνῃ.
1456 3111 1542 3202 ἀλλ’,
1565 3116 1650 3202 ωςρ

386 3252 464 3306 2-8.
485 3253 591 3318 258,2
621 3253 674 3320 vgl.
693 3251 852 3306 Wendland
879 3251 987 3316 Quaest.
1015 3251 1084 3306 Mus.
1103 3269 1129 3324 p.
1148 3253 1249 3309 63-66
1266 3283 1300 3293 -
1317 3253 1387 3309 5-7
1413 3253 1469 3322 vgl.
1487 3253 1556 3310 CAF
1574 3257 1613 3310 111

299 3355 324 3407 p.
342 3339 393 3390 479
411 3336 510 3406 Adesp.
530 3339 592 3398 3163
611 3336 715 3402 Nauck,
733 3335 833 3391 Philol.
852 3339 869 3390 4
887 3337 975 3404 (1849)
993 3354 1017 3407 p.
1036 3339 1099 3400 359;
1118 3337 1212 3404 Cobet,
1229 3337 1392 3392 Mnemos.6
1410 3339 1498 3407 (1857)
1515 3358 1543 3410 p.
1563 3343 1612 3397 183

298 3439 324 3476 υ.
343 3421 411 3475 Νον.
430 3421 493 3475 loct.
512 3439 536 3490 p.
556 3423 619 3484 343;
637 3421 723 3487 Blass,
743 3422 856 3475 Hermes
868 3423 901 3476 35
920 3423 1008 3488 (1900)
1027 3423 1051 3476 S.
1071 3424 1121 3477 342
1140 3451 1171 3460 -
1192 3421 1306 3477 12-20
1328 3421 1484 3490 1131.th
1504 3425 1569 3495 [τις.
1589 3427 1613 3480 ΙΙ

297 3523 322 3574 p.
341 3505 392 3559 666
408 3503 431 3557 Ε
449 3504 516 3569 τοὺς
533 3502 653 3574 ποιητὰς
665 3504 840 3576 ἀναγκάζετε
858 3507 958 3591 λέγειν,
978 3502 1018 3572 ὼς
1036 3503 1051 3560 δ
1070 3506 1122 3574 μὲν
1140 3502 1252 3577 ἀγαθὸς
1270 3503 1341 3578 ἀνήρ
1360 3503 1487 3576 σώφρων
1504 3503 1547 3565 ὢν
1564 3513 1614 3567 καὶ

297 3591 404 3654 δίκαιος
423 3587 563 3670 εδδαίμων
581 3586 640 3644 ἐστὶ
658 3593 705 3646 καί
723 3591 874 3663 μακάριος,
893 3587 991 3647 ἐάντε
1009 3590 1100 3661 μέγας
1117 3593 1166 3646 καί
1184 3589 1298 3664 ἰσχυρὸς
1315 3587 1366 3646 ἐάν
1383 3610 1413 3646 τε
1432 3593 1553 3666 σμικρὸς
1564 3599 1612 3652 καί

297 3671 419 3742 ἀσθενής
436 3671 466 3744 ή,
484 3677 533 3730 καί
551 3671 601 3730 ἐάν
619 3679 726 3745 πλουτῇ
745 3677 794 3732 καί
811 3679 862 3746 μή·
899 3672 949 3732 ἐάν
972 3673 1002 3730 δὲ
1020 3671 1076 3748 ἀρα
1095 3679 1202 3744 πλουτῇ
1221 3673 1274 3744 μὲν
1292 3674 1400 3748 Κινύρα
1418 3695 1449 3732 τε
1467 3680 1518 3734 καὶ
1536 3681 1612 3736 Μίδα

295 3763 404 3825 μᾶλλον
423 3759 489 3828 (vgl.
511 3760 628 3828 Tyrtaus
646 3761 688 3814 Fr.
711 3764 750 3826 12,
773 3764 789 3816 6
810 3761 915 3830 Bergk⁴
941 3763 1076 3829 πλουτοίη
1099 3759 1128 3815 δὲ
1146 3761 1243 3818 Μίδεω
1264 3761 1314 3815 καί
1334 3759 1465 3832 Κινάρεω
1486 3761 1611 3831 μάλασνΙ,

296 3832 312 3913 ή
331 3843 360 3900 δε
378 3839 482 3908 ἀδικος,
500 3837 601 3910 ἀθλιος
620 3839 644 3898 τ’
661 3841 719 3900 ἐστί
736 3848 785 3902 καί
803 3843 927 3918 ἀνιαρῶς
945 3848 978 3914 ζῇ
996 3874 1029 3884 -
1050 3845 1116 3900 131.
1137 3845 1173 3900 15
1193 3846 1249 3914 vgl.
1266 3845 1366 3900 Matth.
1385 3847 1409 3913 6,
1427 3846 1462 3902 20
1487 3877 1522 3886 -
1551 3851 1614 3905 141

295 3928 394 3982 Matth.
413 3931 454 3994 19,
472 3931 519 3992 21;
546 3929 633 3982 Mark.
653 3932 693 3996 10,
712 3932 759 3994 21;
786 3930 855 3984 Luk.
874 3931 914 3994 18,
934 3931 967 3984 22
993 3961 1027 3970 -
1055 3931 1119 3986 181
1143 3931 1198 3999 vgl.
1218 3930 1285 3986 Luk.
1305 3931 1416 3995 16191Ι
1435 3963 1468 3970 -
1494 3931 1611 3991 20-26

295 4013 349 4082 vgl.
369 4012 439 4067 Bion
457 4013 503 4067 boi
521 4013 596 4069 stob.
615 4015 687 4070 Flor.
706 4019 730 4082 τ’),
750 4017 781 4070 67
800 4015 882 4070 Mein.
903 4017 938 4086 (p.
956 4017 998 4083 40,
1017 4019 1049 4070 11
1068 4014 1169 4082 Hense)

379 4115 398 4170 6
417 4111 475 4170 ἐστι
492 4115 584 4182 τίμιος
606 4116 681 4184 (oder
702 4111 759 4172 ἐστ’
771 4114 949 4188 ἀτιμότερος)
961 4117 1040 4172 Βίεεε
1059 4112 1118 4172 ἐστι
1134 4112 1303 4188 τιμιώτερος
1315 4115 1336 4169 Ρ
1349 4112 1423 4172 ἐστιν
1436 4115 1499 4187 (αἰεΙ
1511 4116 1609 4188 τιμιίυ·

292 4217 375 4270 τερος
392 4200 490 4254 Lowth
506 4201 510 4268 Ι
527 4200 563 4254 11
593 4201 782 4273 νοσηλότερον
810 4203 872 4269 Ιηλο
894 4200 924 4254 in
942 4201 1014 4266 Bas.)
1033 4198 1067 4252 P¹
1091 4202 1095 4269 Ι
1121 4201 1184 4256 114
1208 4197 1429 4272 ἀνατεθράφθαι
1448 4201 1484 4254 Ρ3
1506 4199 1608 4260 ἀνατε-

291 4281 421 4355 τράφθαι
438 4284 477 4336 Ρ*
492 4285 497 4351 Ι
514 4285 552 4340 14
573 4283 609 4354 [δ]
628 4286 675 4339 Ma
690 4287 694 4352 Ι
712 4287 749 4342 16
777 4281 920 4358 ἐξευρήσει
937 4284 1032 4355 1120
1051 4281 1169 4356 ἀνιαρὸς
1187 4285 1208 4338 F
1224 4287 1227 4352 Ι
1244 4281 1299 4354 [οὐ]
1318 4284 1383 4352 Mn!
1400 4287 1436 4341 21
1458 4278 1607 4343 02⁷›Wend-

290 4368 357 4422 land
370 4369 478 4433 Quaest.
496 4369 565 4423 Mus.
578 4389 603 4440 p.
617 4373 649 4426 64
669 4365 720 4425 δΡ
736 4372 739 4438 Ι
756 4367 902 4426 ἐπίσταιτο
914 4369 1002 4425 Cobet
1018 4373 1069 4425 485
1088 4367 1235 4426 ἐπίσταται
1253 4367 1286 4423 τὸ
1305 4368 1327 4422 Ρ
1343 4369 1347 4437 Ι
1362 4369 1402 4425 22
1421 4365 1608 4444 ἀνακρήμνάς

291 4455 319 4521 Ιη
337 4454 366 4506 in
379 4453 441 4508 Ιίιιε.
459 4455 516 4508 und
535 4456 671 4510 zwischen
690 4475 708 4511 α
726 4455 784 4509 und
803 4454 1052 4522 oRas.)P212sst
1068 4449 1213 4525 Ιέμπειρον
1231 4451 1258 4522 ἢ]
1272 4453 1319 4507 Ma
1334 4455 1338 4522 Ι
1353 4454 1393 4510 24
1412 4451 1501 4511 αἰετοῦ
1517 4461 1607 4530 λαβήν

289 4538 318 4591 in
337 4539 399 4592 Rae.
417 4540 452 4592 P¹
468 4540 526 4608 1μὴ
545 4539 584 4593 Po
604 4539 633 4594 δι’
652 4540 672 4592 Ρ
690 4537 720 4594 δέ
740 4569 772 4578 -
790 4540 872 4607 μείνῃ
891 4541 943 4607 (26)
962 4558 978 4587 ε
996 4558 1012 4586 ε
1031 4539 1109 4594 θείειν
1125 4541 1129 4607 Ι
1145 4541 1182 4596 ‘16
1199 4538 1395 4608 καταξέσηται]
1414 4543 1605 4612 καταδήαηται

292 4623 449 4678 Wendland
467 4643 492 4694 p.
511 4627 544 4679 65
