3532 5470
701 422 733 472 A.
755 417 909 488 Zeugnisse.
1405 421 1469 474 Xlll

153 598 221 656 tam
245 594 284 654 de
308 588 478 673 Scripturis
501 587 628 666 divinis,
655 607 750 670 quem
778 589 816 650 de
842 587 1012 653 saecularis
1033 587 1230 653 litteraturae
1251 589 1468 654 instrumento.

157 692 186 758 Ε
209 691 326 776 quibus
347 688 404 753 illa
425 691 512 752 sont:
542 690 765 771 Στρωματεῑς
787 686 861 750 libri
882 691 967 768 octo,
997 677 1268 755 ‘l'rrccvaoioccrv
1293 688 1367 753 libri
1389 695 1469 768 octo,

160 793 324 856 Adversus
348 792 457 874 gentes
479 787 559 851 liber
580 809 670 864 unus,
691 785 875 870 Paedagogi
889 786 963 852 libri
984 791 1056 866 tres,
1078 788 1127 853 De
1148 789 1265 871 pascha
1286 787 1366 854 liber
1379 811 1469 868 uuus,

157 891 207 956 De
229 891 348 956 ieiunio
371 887 565 971 disceptatio,
587 892 618 951 et
640 887 721 950 alius
742 887 830 966 liber,
852 887 908 971 qui
929 888 1123 953 inscribitur:
1147 887 1297 964 Quisnam
1313 889 1399 954 dives
1414 888 1468 952 ille

154 993 196 1057 sit
218 993 275 1075 qui
296 990 449 1068 salvetur,
480 985 528 1050 De
550 986 779 1050 obtrectatione
801 985 881 1051 liber
901 1009 992 1068 unus,
1020 987 1068 1052 De
1091 988 1264 1055 canonibus
1286 988 1469 1054 ecclesiasti-

155 1091 200 1156 cis
217 1097 248 1155 et
263 1093 429 1154 adversum
445 1110 498 1153 cos
520 1087 575 1169 qui
590 1084 784 1150 Judaeorum
805 1091 981 1170 sequuntur
1003 1110 1140 1154 errorem
1161 1088 1243 1153 liber
1264 1111 1352 1162 unus,
1375 1110 1469 1172 quem

156 1191 283 1274 proprie
305 1189 487 1254 Alexandro
508 1185 803 1269 Hierosolymorum
832 1186 980 1270 episcopo
1006 1183 1281 1273 προσεφώνησεν.
1324 1189 1470 1253 Meminit

154 1295 260 1354 autem
290 1289 325 1354 in
347 1289 558 1354 Stromatibus
581 1287 645 1351 suis
667 1284 837 1351 voluminis
858 1284 985 1351 Tatieni
1006 1290 1173 1353 adversum
1195 1291 1317 1372 gentes,
1346 1289 1468 1372 dequo

155 1413 251 1473 supra
278 1389 426 1468 diximus,
459 1391 490 1451 et
518 1385 659 1452 Cassiani
685 1385 849 1450 cuiusdam
874 1388 1139 1470 χρονογραφίαις,
1170 1390 1256 1472 quod
1282 1388 1470 1470 opusculum

155 1489 297 1570 invenire
327 1510 393 1553 non
421 1487 518 1571 potui
569 1483 638 1550 Nec
674 1507 738 1550 non
771 1488 809 1549 de
839 1483 970 1550 ludaeis
1000 1486 1222 1553 Aristobulum
1252 1490 1408 1571 quendam
1439 1495 1469 1552 et

153 1588 350 1654 Demetrium
373 1592 404 1652 et
424 1585 649 1671 Eupolemum,
681 1585 850 1666 scriptores
875 1588 1042 1651 adversum
1063 1591 1186 1671 gentes,
1216 1587 1325 1663 refert,
1359 1586 1413 1671 qui
1435 1587 1468 1650 in

153 1686 393 1754 similitudinem
408 1686 541 1770 Josephi
555 1676 793 1769 ἀρχαιολογίαν
807 1685 912 1768 Moysi
933 1690 964 1750 et
980 1687 1001 1751 J
1004 1688 1134 1751 udaieae
1156 1685 1244 1771 genti
1266 1687 1467 1752 adseruarint.

152 1789 250 1854 thst
272 1787 457 1866 Alexandri,
484 1783 779 1866 Hierosolymorum
810 1785 966 1868 episcopi,
997 1786 1052 1870 qui
1084 1808 1157 1852 cum
1178 1785 1329 1851 Narcisso
1359 1791 1469 1869 postea

153 1889 234 1954 rexit
257 1887 435 1966 ecclesiam,
467 1884 603 1970 epistula
632 1905 727 1966 super
758 1885 955 1950 ordinatione
979 1884 1177 1968 Asclepiadis
1209 1886 1398 1951 confessoris
1429 1891 1469 1950 ad

157 1988 388 2054 Antiochenses
423 1984 671 2070 congratulantis
703 1985 759 2063 eis,
799 1984 831 2048 in
863 2006 925 2068 qua
955 1985 1046 2068 ponit
1072 1985 1105 2049 in
1128 1985 1204 2050 fine:
1234 1984 1341 2067 „Haec
1371 1986 1468 2064 vobis,

154 2087 275 2155 domini
297 2087 424 2162 fratres,
455 2085 572 2168 scripta
600 2084 761 2148 transmisi
791 2104 847 2165 per
869 2082 1063 2148 Clementem
1092 2086 1220 2149 beatum
1242 2087 1468 2170 presbyterum,

153 2189 257 2252 virum
286 2187 450 2252 inlustrem
473 2189 505 2250 et
525 2186 703 2267 probatum,
734 2205 828 2267 quem
850 2205 906 2248 ros
929 2205 1055 2268 quoque
1078 2183 1165 2248 scitis
1187 2189 1219 2248 et
1239 2206 1324 2250 nuno
1343 2185 1468 2268 plenius

154 2286 364 2372 cognoscetis,
395 2287 451 2369 qui
482 2305 556 2349 cum
589 2285 651 2348 huo
677 2284 815 2348 venisset
839 2285 929 2349 iuxta
951 2283 1181 2366 providentiam
1204 2287 1235 2348 et
1255 2285 1467 2350 visitationem

154 2387 226 2466 Dei,
254 2385 453 2451 confirmavit
480 2390 510 2449 et
532 2383 620 2449 auxit
641 2382 774 2448 Domini
797 2381 988 2448 ecclesiam.“
1032 2383 1164 2450 Constat
1185 2383 1352 2468 Origenem
1374 2383 1468 2449 huius

154 2488 251 2552 fuisse
273 2485 472 2568 discipulum.
515 2482 638 2548 Floruit
660 2485 765 2546 eutem
789 2482 897 2548 Severi
920 2489 951 2548 et
973 2484 1136 2562 Antonini,
1164 2484 1224 2548 filii
1246 2483 1322 2564 eius,
1347 2487 1468 2568 tempo·

155 2588 249 2652 ribus.
293 2584 393 2667 Epist.
410 2588 492 2663 70,4
514 2585 554 2646 ad
578 2581 743 2666 Magnum:
766 2581 920 2664 Clemens,
942 2582 1175 2648 Alexandrinae
1197 2582 1357 2648 Ecclesiae
1379 2605 1465 2668 pres·

155 2689 255 2769 byter,
276 2705 348 2750 meo
366 2682 484 2749 iudicio
500 2683 641 2747 omnium
657 2682 895 2762 cruditissimus,
918 2687 989 2747 octo
1008 2681 1134 2765 scripsit
1149 2681 1343 2749 Stromatum
1358 2683 1465 2762 libros,

158 2791 189 2851 ct
210 2785 343 2850 lotidem
363 2773 646 2861 Ὑποτυπώοεοιν,
674 2787 704 2846 ct
726 2780 823 2845 alium
846 2781 964 2848 Contra
986 2787 1108 2866 gentes,
1135 2782 1317 2866 Paedagogi
1338 2804 1465 2867 quoque

96 2889 102 2902 '
157 2887 217 2950 tria
243 2884 414 2950 volumina.
457 2882 539 2958 Quid
560 2883 593 2945 in
615 2881 679 2947 illis
700 2881 790 2946 libris
816 2881 992 2962 indoctum,
1022 2883 1087 2947 imo
1118 2883 1194 2965 quid
1217 2905 1281 2948 non
1302 2886 1341 2947 de
1362 2883 1465 2946 media

160 2984 360 3069 philosophia
387 2986 453 3047 est?
496 2980 591 3046 Hunc
621 2981 763 3045 imitatus
794 2980 946 3065 Origenes
981 2985 1089 3046 decem
1119 2983 1245 3065 scripsit
1266 2981 1465 3046 Stromcteas.

161 3083 252 3168 Apol.
275 3085 343 3147 adv.
365 3082 435 3146 libr.
457 3079 529 3148 Rus.
551 3079 620 3148 113
643 3080 715 3164 lpse
737 3079 889 3166 Origenes
916 3086 948 3146 et
969 3079 1112 3145 Clemens
1139 3085 1171 3144 et
1192 3080 1347 3146 Eusebius
1370 3084 1464 3164 atque

161 3183 215 3250 alii
237 3182 426 3265 complures,
458 3179 582 3264 quando
612 3184 651 3245 de
677 3180 839 3264 scripturis
862 3181 969 3265 aliqua
990 3181 1153 3263 disputant
1174 3186 1206 3246 et
1225 3180 1335 3246 volunt
1356 3203 1466 3264 apprc-

163 3285 233 3348 bare
261 3284 348 3366 quod
378 3280 500 3362 dicunt,
530 3281 576 3345 sic
602 3279 704 3345 solent
729 3280 877 3346 scribere:
908 3279 1095 3362 „Referebat
1124 3279 1202 3345 mihi
1224 3279 1405 3346 Hebraeus“
1436 3289 1466 3346 et

162 3382 294 3462 „Audivi
315 3381 355 3445 ab
378 3379 542 3445 Hebraeo“
566 3385 597 3445 et
617 3378 853 3460 „Hebraeorum
875 3381 937 3446 ista
958 3381 1114 3448 sententia
1135 3382 1207 3446 cst“.

242 3531 357 3598 Rufin
387 3531 439 3596 bei
469 3529 554 3597 Hier.
577 3555 603 3594 a.
626 3553 651 3594 a.
674 3529 709 3594 Ο.
732 3529 816 3596 1117
849 3529 1044 3597 Clementem
1075 3553 1202 3616 quoque
1231 3529 1465 3596 Alexandrinae

163 3632 311 3696 ecclesiae
332 3633 560 3714 presbyterum,
579 3631 682 3694 virum
704 3628 902 3709 catholicum,
925 3630 1035 3696 scribit
1056 3631 1088 3695 in
1110 3630 1200 3696 libris
1222 3631 1287 3695 suis
1309 3631 1466 3694 interdum

161 3731 210 3794 dei
224 3731 325 3795 filium
348 3731 450 3795 dicere
471 3733 620 3796 creatum.
656 3729 731 3814 Vgl.
747 3729 819 3794 Ruf.
833 3729 958 3814 Epilog.
973 3732 1007 3796 in
1029 3730 1154 3815 apolog.
1167 3724 1327 3814 Pamphili
1346 3729 1466 3814 (Migne

162 3830 225 3894 Ser.
249 3850 293 3915 gr.
310 3837 346 3895 17
370 3829 435 3894 Col.
451 3830 532 3914 621).

243 3980 470 4046 Anastasius
492 3979 641 4046 Sinaite
661 3981 755 4047 Hom.
776 3982 810 4046 in
824 3980 908 4047 Psal.
926 3987 945 4048 6
968 3983 1076 4066 Migne
1091 3986 1131 4049 89
1154 3979 1316 4048 0011105
1340 3970 1467 4062 Γράφει

163 4072 223 4161 γὰρ
239 4072 378 4165 Κλήμης
392 4069 411 4145 ὁ
427 4073 596 4162 ἱστορικὸς
610 4073 859 4168 Ἀλεξανδρείας
874 4081 970 4165 (fclgt
985 4083 1035 4147 die
1050 4082 1233 4167 Hrzdblung
1247 4103 1304 4147 aus
1319 4079 1399 4157 Qus
1415 4085 1467 4160 42)

162 4183 225 4243 und
247 4178 313 4244 Col.
331 4186 410 4247 1136
434 4172 572 4264 Κλήμης
594 4170 613 4248 ὅ
636 4173 865 4267 συγγραφεύς.
881 4229 933 4248 ...
964 4171 982 4247 ὁ
1009 4176 1117 4264 σοφὸς
1143 4172 1405 4266 ἱστοριογράφος
1432 4177 1468 4245 ἔν

163 4301 229 4344 τινι
266 4281 341 4345 τῶν
375 4271 481 4346 αὐτοῦ
512 4283 771 4362 Στρωματικῶν
808 4272 921 4365 λόγων
951 4282 1161 4366 διεξέρχεται.
1212 4281 1281 4366 Vgl.
1313 4281 1402 4347 Cont.
1433 4281 1467 4344 in

162 4378 328 4444 hexadml
353 4380 461 4464 Migne
476 4385 516 4447 89
539 4379 604 4445 Col.
621 4387 691 4449 860.
734 4383 792 4448 Bei
818 4381 918 4460 Pitra,
949 4383 1041 4448 Anal.
1063 4405 1139 4448 sacr.
1154 4381 1185 4447 ll
1210 4405 1240 4466 p.
1256 4385 1316 4448 208
1347 4381 1467 4464 spriobt

164 4499 194 4542 er
214 4501 276 4543 von
306 4469 424 4562 ἀκριβῆ
454 4481 510 4546 καὶ
539 4471 714 4547 duodecin
743 4485 799 4548 καὶ
825 4473 945 4568 ἀρχαῖα
966 4475 1226 4568 ἀντίγραφα...
1256 4472 1356 4564 <ὖπό>
1379 4470 1466 4563 Κλή-

163 4599 282 4658 μεντος
303 4579 494 4663 στιχθέντο.
