3520 5498
297 395 355 457 120
415 417 420 426 ·
879 389 1012 445 Clemens.

472 551 602 640 πατρὸς
624 546 653 621 δ’
675 555 711 638 ἐξ
732 547 877 640 άγαθοίο
899 562 956 624 καί
978 554 1120 643 αἵματος
1141 545 1278 642 εὔχομαι
1300 555 1392 624 εἶναι.

296 679 344 767 οές
366 679 400 754 δ’
429 689 465 768 έξ
484 689 625 774 αίματος
656 681 742 775 γάλα
762 683 850 757 κατὰ
871 685 1063 776 μεταβολὴν
1085 694 1224 775 γίνεται,
1246 681 1310 776 ἤδη
1331 693 1393 776 μὲν
1414 693 1535 775 σαφές,
1570 685 1620 758 06

293 783 362 874 μὴν
383 781 471 857 άλλὰ
491 793 547 856 καὶ
570 789 606 857 ἐκ
629 791 704 856 τῶν
724 793 898 876 ποιμνίων
919 789 956 856 ἔκ
978 814 1015 857 τε
1037 793 1112 857 τῶν
1133 793 1324 869 βουκολέων
1345 787 1452 873 ἔξεστι
1474 797 1618 876 μαθεῖν.

294 883 338 956 τὰ
369 884 431 974 γάρ
463 891 533 974 ζῷα
564 891 672 956 ταῦτα
702 890 766 957 τοῦ
797 888 894 969 ἔτους
923 885 1011 957 κατὰ
1042 885 1108 976 τὴν
1140 883 1246 974 δέραν,
1279 883 1323 974 ἢν
1345 889 1403 974 ἔαρ
1424 893 1655 977 καλοῦμεν,·-’

260 979 481 1074 σόγροτέρου
511 993 574 1058 τοῦ
604 989 823 1074 περιέχοντος
853 983 1043 1074 γεγονότος,
1074 982 1238 1066 ἀλλὰκαὶ
1262 991 1323 1076 τῆς
1343 982 1432 1072 πόας
1452 994 1512 1056 καὶ
1534 994 1618 1057 τῶν

296 1091 414 1174 νομῶν
437 1083 590 1173 εὐχύλων
612 1084 653 1156 τὸ
675 1081 834 1175 τηνικάδε
857 1082 971 1156 ου’σιῦν
993 1091 1046 1156 καὶ
1069 1089 1227 1175 ένίκμων,
1251 1087 1392 1176 αἳματος
1413 1093 1616 1176 πίμπλαται

294 1179 474 1272 πρότερον,
495 1180 542 1268 σάς
565 1188 602 1254 έκ
624 1190 685 1276 τῆς
707 1182 893 1268 διατάσεως
915 1193 991 1255 τῶν
1012 1192 1165 1272 φλεβῶν,
1188 1192 1431 1276 κυρτουμένων
1452 1191 1529 1257 τῶν
1551 1181 1613 1274 ἇγ-
1744 1265 1745 1284 ἢ

296 1291 413 1372 γείων,
445 1289 629 1356 δείκνυται·
672 1287 708 1356 έκ
740 1291 775 1356 δὲ
797 1291 861 1358 τοῦ
883 1287 1024 1374 αίματος
1046 1289 1291 1374 δαψιλέστερον
1311 1304 1419 1374 χεῖται
1440 1284 1482 1356 τό
1506 1282 1612 1374 γάλα·
1744 1291 1745 1376 Ι

295 1388 419 1470 θέρους
448 1379 478 1456 δ’
500 1387 646 1474 ἔμπαλιν
674 1381 743 1456 άπὸ
766 1389 829 1454 τοῦ
849 1383 1021 1474 καύματος
1043 1383 1286 1476 συγκαιόμενον
1306 1389 1362 1455 καί
1384 1380 1612 1475 άναξηραινό-

243 1505 278 1559 10
293 1510 400 1572 μενον
422 1487 531 1573 ίστησι
553 1483 618 1574 τὴν
639 1483 832 1574 μεταβολὴν
854 1483 895 1555 τὸ
919 1485 1007 1574 αίμα,
1028 1492 1084 1556 καί
1106 1484 1213 1574 ταύτῃ
1230 1489 1376 1556 ἔλαττον
1391 1479 1609 1575 άμέλγονται.

296 1591 351 1654 ναὶ
365 1582 432 1673 μὴν
446 1591 502 1654 καί
516 1580 710 1672 συγγένειάν
725 1611 803 1654 τινα
817 1583 904 1673 πρὸς
919 1583 960 1655 τὸ
975 1577 1068 1671 ὕδωρ
1088 1591 1093 1672 Ι
1112 1581 1354 1673 φυσικωτάτην
1369 1588 1435 1672 ἔχει
1450 1585 1492 1657 τὸ
1508 1583 1608 1674 γάλα.
1631 1600 1712 1654 1331·
1726 1595 1745 1645 3·

294 1680 450 1771 καθάπερ
473 1679 586 1772 άμέλει
607 1681 693 1774 πρὸς
715 1683 781 1772 τὴν
801 1684 1036 1774 πνευματικὴν
1058 1683 1194 1774 τροφὴν
1216 1683 1256 1755 τὸ
1280 1683 1428 1772 λουτρὸν
1449 1683 1492 1757 τό
1507 1713 1607 1756 πνευ-
1744 1699 1745 1708 ’

294 1780 451 1872 ματικόν·
495 1787 527 1856 οἱ
558 1790 641 1873 γοῦν
663 1789 931 1872 έπιρροφοῦντες
962 1790 1013 1874 τῷ
1044 1791 1279 1906 προειρημένῳ
1309 1783 1454 1874 γάλακτι
1475 1790 1609 1872 ψυχροῦ

295 1877 414 1972 ὀλίγον
449 1876 574 1965 ὕδατος
611 1880 829 1970 ω’φελοῦνται
864 1889 1079 1973 παραχρῆμα·
1123 1880 1164 1956 οὐ
1200 1887 1262 1974 γάρ
1298 1881 1531 1971 άποξάνεσθαι
1565 1882 1606 1955 τὸ
1744 1947 1745 1984 Ι

243 2005 276 2057 15
295 1979 424 2071 γάλα’
411 1989 449 2076 εᾷ
480 1980 500 2073 ἡ
531 1981 616 2070 πρὸς
639 1983 678 2055 τὸ
700 1975 793 2071 ὕδωρ
822 1991 1002 2064 κοινωνία,
1035 1978 1097 2054 οάκ
1125 1978 1332 2077 άντιπαθείᾳ
1358 1993 1437 2069 τινί,
1460 2007 1606 2073 προσπε-

294 2089 504 2172 παινομένου
535 2089 569 2153 δὲ
599 2090 823 2175 προσπαθείᾳ.
859 2080 958 2152 καὶ“
938 2111 981 2172 ην
1007 2111 1025 2168 ο
1049 2079 1187 2170 λόγοςέ
1187 2112 1237 2172 χει
1259 2083 1345 2174 πρὸς
1368 2084 1410 2156 τὸ
1434 2081 1641 2172 βάπτισμα4

294 2190 498 2266 κοινωνίαν
528 2180 660 2270 ταύτην
695 2186 759 2271 ἔχει
794 2179 835 2253 τὸ
864 2177 951 2270 γάλα
982 2180 1048 2272 τὴν
1076 2182 1295 2274 σοναλλαγὴν
1321 2183 1407 2272 πρὸς
1435 2183 1476 2256 τὸ
1506 2179 1604 2272 ὕδωρ.

297 2288 427 2368 δέχεται
453 2281 515 2370 γάρ
542 2278 652 2370 μόνον
678 2289 753 2352 τῶν
779 2277 894 2371 άγρῶν
922 2287 1027 2353 τοῦτο
1053 2287 1109 2352 καὶ
1137 2281 1202 2372 τὴν
1231 2282 1317 2373 πρὸς
1338 2281 1380 2354 τὸ
1403 2277 1494 2373 ὕδωρ
1517 2296 1606 2374 μῖξιν

294 2385 350 2451 ἐπὶ
376 2377 544 2470 κάθαρσιν
570 2381 920 2472 παραλαμβανόμενον
951 2378 1108 2470 καθάπερ
1140 2380 1181 2452 τό
1208 2379 1424 2474 βάπτισμαέ
1426 2389 1464 2454 πὶ
1491 2380 1606 2470 άφέσει
1744 2383 1745 2462 Ι

243 2499 277 2555 20
295 2475 481 2569 άμαρτιιόν.
523 2489 679 2572 μίγνυται
701 2487 736 2552 δὲ
757 2487 812 2551 καί
833 2487 943 2570 μέλιτι
964 2487 1152 2569 προσφυῶς
1172 2489 1228 2551 καί
1249 2489 1354 2553 τοῦτο
1369 2479 1603 2572 έπίκαθάρσει
1621 2505 1664 2558 51
1675 2506 1685 2554 1

294 2578 398 2652 πάλιν
429 2581 514 2669 μετὰ
547 2589 700 2670 γλυκείας
729 2587 791 2669 τῆς
821 2586 966 2670 τροφῆς·
1007 2580 1206 2670 μιγνύμενος
1237 2581 1300 2671 γάρ
1323 2577 1342 2652 6
1365 2579 1466 2672 λόγος
1489 2591 1604 2670 φιλαν·

293 2688 435 2774 θρωπίᾳ
456 2686 548 2754 ἰᾶταί
570 2711 606 2752 τε
631 2673 697 2770 άμα
720 2677 879 2769 τὰπάθη
897 2689 953 2750 καὶ
969 2677 1189 2770 ἀνακαθαίρει
1212 2681 1272 2764 τὰς
1287 2677 1462 2772 ἁμαρτίας·
1484 2690 1541 2752 καὶ
1563 2681 1603 2752 τὸ

297 2785 450 2865 »μέλιτος
480 2788 629 2870 γλυκίων
658 2781 735 2868 ῥέεν
757 2775 858 2869 αὐδὴν
884 2782 939 2850 ἐπὶ
962 2785 1024 2851 τοῦ
1046 2776 1151 2868 λόγου
1173 2785 1331 2868 λελέχθαι
1352 2809 1409 2868 μοι
1431 2787 1535 2866 δοκεῖ,
1567 2775 1605 2863 ὅς

294 2882 386 2952 ἐστιν
416 2887 503 2970 μέλι·
546 2887 601 2952 καί
631 2885 807 2967 πολλαχοῦ
837 2884 873 2949 δέ
895 2875 915 2968 ἡ
938 2887 1132 2970 προφητεία
1167 2874 1268 2968 εδπέρ
1289 2886 1364 2966 μέλι
1386 2887 1442 2951 καί
1464 2887 1601 2971 κηρίονι

241 3001 275 3055 25
294 2976 419 3068 άνάγει.
463 2988 518 3052 ναί
540 2980 607 3071 μὴν
629 2984 679 3051 έτι
695 2987 852 3068 μίγνυται
873 2976 915 3050 τὸ
938 2977 1024 3068 γάλα
1039 2987 1094 3050 καί
1110 2983 1193 3070 οἴνῳ
1210 2987 1261 3069 τῷ
1278 2992 1399 3068 γλυκεῖ,
1423 2979 1604 3068 ἐπωφελὴς

294 3077 371 3150 δέ(
351 3109 372 3168 η
393 3092 488 3202 μῖξις,
511 3077 667 3205 καθάπερ
683 3077 961 3207 άνακιρναμένου
983 3086 1046 3153 τοῦ
1066 3075 1202 3162 πάθους
1222 3051 1267 3161 είς
1282 3074 1491 3168 άφθαρσίαν·
1513 3085 1602 3166 ἐξορ-

294 3181 413 3268 ροῦταὶ
444 3181 529 3302 γάρ
537 3178 604 3252 άπὸ
636 3187 699 3252 τοῦ
722 3181 817 3250 οἴνου
839 3175 880 3249 τὸ
903 3175 989 3268 γάλα
1010 3185 1066 3250 καὶ
1088 3187 1246 3266 σχίζεται,
1277 3187 1333 3250 καὶ
1355 3173 1475 3302 ὅτιπερ
1496 3175 1603 3249 αὐτοῦ

293 3277 412 3365 νόθον,
434 3277 529 3353 τοῦτ’
553 3277 801 3400 άπρχετεάεται.
844 3277 931 3349 κατὰ
954 3279 997 3350 τά
1019 3275 1104 3350 αὐτὰ
1127 3284 1163 3350 δέ
1185 3285 1247 3369 τῆς
1268 3275 1458 3363 πίστεως“
1439 3308 1460 3368 η
1480 3287 1635 3350 κοινωὶ

293 3387 348 3448 νέα
372 3375 392 3467 ἦ
413 3378 622 3470 πνευματικὴ
644 3383 731 3466 πρὸς
753 3375 817 3449 τὸν
837 3378 1000 3464 παθητὸν
1023 3377 1229 3466 ἄνθρωπον,
1262 3378 1322 3461 τὰς
1353 3377 1512 3466 σαρκικάς
1534 3383 1602 3449 έ-πι

1744 3247 1745 3326 Ι

241 3496 276 3550 30
294 3486 417 3566 θυμίας
439 3484 630 3568 έξορροῦσα,
653 3484 700 3562 είς
723 3474 900 3566 ἀιδιότητα
916 3484 1089 3549 συστέλλει
1104 3475 1167 3549 τόν
1183 3477 1385 3564 ἄνθρωπον,
1407 3497 1481 3560 τοῖς
1496 3485 1602 3560 θείοις

293 3573 603 3666 άπαθανατίζουσα.
647 3573 740 3666 ΙάλλἸ
764 3581 796 3650 οί
822 3583 948 3650 πολλοὶ
971 3583 1007 3649 δε
1028 3583 1083 3648 καί
1106 3583 1156 3667 τῷ
1180 3584 1315 3667 λιπαρῷ
1340 3583 1404 3649 τοῦ
1424 3574 1634 3667 γάλακτοςθ

380 3717 442 3774 ῙΞ
458 3719 558 3772 113-
576 3717 671 3772 2-10
695 3717 820 3786 Apostol.
839 3715 951 3780 V19b;
978 3717 1073 3771 Arsen.
1090 3734 1116 3786 p.
1134 3719 1185 3772 154
1202 3716 1251 3780 W;
1279 3716 1335 3786 vgl.
1353 3717 1429 3770 zuS
1448 3718 1551 3782 11314
1569 3747 1602 3755 —

295 3801 388 3872 2vgl.
408 3801 497 3857 Galen
514 3801 552 3854 IV
570 3803 633 3865 3³2
652 3800 861 3857 1139312
880 3798 935 3870 vgl
954 3800 1234 3868 Μετ1.1,4υ.δ-
1252 3801 1454 3856 236249-
1472 3801 1513 3856 24
1530 3801 1602 3854 ΡεεῙ.

293 3889 334 3950 18,
353 3891 396 3950 11;
419 3888 476 3952 118,
496 3888 546 3942 103

361 4004 380 4060 2
399 3999 439 4069 ὼς
455 4000 488 4075 δ’]
509 3996 552 4059 δτι
570 4004 665 4059 τοίνυν
684 4003 742 4057 eat.
766 4005 770 4070 Ι
790 4003 810 4059 4
827 4007 962 4059 καλοῦσιν
981 4004 1039 4058 θεέ.
1056 4007 1060 4073 Ι
1076 4007 1094 4061 6
1110 4003 1144 4060 τὸ
1165 4007 1318 4073 τηνικαῦτα
1337 4005 1394 4058 eat.
1411 4005 1415 4072 Ι
1432 4004 1471 4060 18
1488 3999 1602 4074 ἐπιρρο-

293 4095 404 4158 φῶντες
420 4089 471 4144 FM
490 4089 549 4144 cat.
564 4090 568 4155 Ι
584 4094 623 4159 τῷ
644 4086 851 4161 προειρημένῳ]
869 4086 901 4142 τὸ
918 4089 975 4144 eat.
992 4091 996 4157 Ι
1014 4091 1051 4145 15
1078 4087 1262 4145 ἀντιπαθείαι
1279 4088 1384 4156 (Ιοέεῒεε
1402 4110 1412 4143 ι
1429 4087 1458 4142 in
1480 4087 1541 4142 Bas.
1560 4087 1604 4141 fflr

292 4175 319 4242 ν)
329 4174 370 4228 11¹
380 4170 536 4249 ἀντιπαθές
550 4175 608 4228 θεέ.
625 4176 628 4242 Ι
647 4173 705 4229 151
719 4172 1009 4242 προσπεπαινόμενον
1022 4175 1069 4228 Ma
1084 4176 1088 4242 Ι
1105 4174 1142 4230 18
1153 4174 1345 4248 προσπαθείᾳ]
1359 4173 1522 4246 συμπαθείᾳ
1534 4171 1582 4225 Wi
1597 4174 1602 4240 Ι
1744 4195 1745 4286 ρ

295 4259 333 4314 12
351 4255 398 4314 έπί
415 4257 558 4331 κάθαρσιν
576 4259 604 4312 M
624 4257 686 4324 (wie
705 4257 751 4327 Sy)
774 4253 966 4332 έπικάθαροιν
983 4259 1003 4312 F
1022 4261 1081 4312 Cat.
1107 4255 1154 4314 έπί
1179 4256 1321 4330 καθάρσει
1339 4257 1370 4312 81
1395 4253 1602 4329 έπικαθάρσιον

293 4343 440 4397 Markland
464 4346 468 4412 Ι
489 4343 617 4413 ἀφέσεως
635 4343 694 4398 eat.
716 4345 719 4410 Ι
739 4343 777 4398 22
801 4361 831 4399 τε
850 4342 885 4397 Di
907 4361 940 4412 γε
957 4342 1008 4395 FM
1030 4341 1088 4394 061.
1109 4341 1112 4406 Ι
1133 4342 1171 4397 22
1194 4345 1244 4398 καί
1265 4341 1298 4397 τὸ
1317 4373 1350 4382 -
1362 4343 1407 4400 21)
1431 4343 1478 4398 ναί
1494 4345 1551 4412 μὴν
1569 4351 1602 4400 <

293 4427 351 4482 eat.
367 4429 372 4496 Ι
388 4429 426 4484 25
439 4421 479 4484 έτι
496 4430 626 4498 μίγνυται
638 4427 685 4480 Wi
697 4425 876 4495 έπεμίγνυται
888 4427 939 4480 FM
951 4423 1026 4494 έπιμ.
1039 4425 1069 4482 δὲ
1083 4426 1142 4480 eat.
1159 4428 1162 4494 Ι
1178 4434 1218 4498 τῷ
1231 4437 1264 4487 <
1277 4427 1335 4482 eat.
1351 4429 1355 4496 Ι
1373 4429 1410 4484 28
1422 4425 1556 4496 καθάπερ
1569 4436 1602 4486 <

293 4513 351 4567 θεέ.
368 4517 372 4578 Ι
389 4513 451 4569 281
465 4510 631 4584 έξορροῦται
649 4511 684 4567 Vi
702 4509 851 4584 έξοροῦται
870 4511 921 4564 FM
940 4507 1103 4576 έξοννοῦται
1122 4511 1180 4566 eat.
1197 4515 1200 4578 Ι
1218 4513 1281 4569 281
1295 4513 1430 4568 κοινωνία
1443 4511 1484 4565 11¹
1501 4528 1599 4566 κοινω·
1744 4547 1745 4585 1

292 4598 350 4654 νίαι
368 4599 412 4651 M*
427 4600 432 4667 Ι
447 4599 483 4654 31
505 4593 566 4654 ἀλλ’
584 4607 617 4656 <
634 4599 693 4652 Cat.
710 4600 713 4664 Ι
729 4594 778 4666 [δέ]
797 4596 830 4650 Di
847 4597 851 4662 Ι
867 4594 900 4650 τὸ
919 4591 1044 4666 λιπαρόν
1063 4596 1121 4650 cat.
1744 4589 1745 4592 ¹
