3510 5474
542 478 723 550 Paedagogus
741 481 775 536 ΙΙ.
794 481 858 550 Gap.
878 481 897 536 1.
915 483 939 548 4,
958 481 1033 546 2-7,
1053 483 1075 534 1.
1404 489 1463 548 157

148 651 205 732 τῷ
230 639 503 731 δημιουργήματι,
526 648 576 732 τῷ
599 638 778 733 ἀνθρώπῳ
801 649 898 730 λέγω,
921 661 997 713 σῖτα
1017 652 1074 715 καὶ
1095 642 1186 715 ποτὰ
1209 648 1272 713 τοῦ
1293 640 1462 732 σώζεσθαι

146 740 260 831 χάριν,
284 740 356 831 οὐχὶ
379 747 414 812 δὲ
436 749 499 813 τοῦ
514 737 668 831 ἥδεσθαι·
691 747 762 814 ἐπεὶ
776 748 857 831 μηδὲ
874 739 1082 830 ώφελεῖσθαι
1097 749 1247 831 πέφυκεν
1262 741 1304 813 τά
1319 741 1459 832 σώματα
1477 758 1494 812 2

148 848 191 914 ἐκ
214 847 275 932 τῆς
292 849 513 925 πολυτελείας
535 849 608 912 τών
630 839 837 932 βρωμάτων·
859 850 929 916 πᾶν
949 842 1013 931 γὰρ
1034 839 1240 914 τούναντίον
1262 845 1294 914 οἱ
1315 859 1390 924 ταῖς
1410 841 1459 914 εὐ-

149 938 373 1024 τελεστάτοις
394 939 562 1030 χρώμενοι
592 961 737 1030 τροφαῖς
767 938 975 1031 ίσχυρύτεροί
1001 946 1062 1012 είσι
1091 947 1147 1012 καὶ
1168 937 1375 1030 ύγεινότεροι
1406 952 1463 1014 καὶ

108 1059 127 1112 5
150 1037 395 1129 γενναιότεροι,
427 1037 475 1123 ώς
498 1046 625 1112 οἰκέται
652 1048 834 1113 δεσποτῶν
863 1047 918 1112 καὶ
940 1049 1083 1131 γεωργοὶ
1104 1038 1302 1130 κτητόρων·
1344 1050 1398 1112 καὶ
1422 1041 1463 1115 οὐ

152 1135 267 1230 μόνον
295 1141 565 1230 ῥωμαλεώτεροι,
596 1137 685 1212 άλλὰ
714 1147 769 1212 καί
793 1141 1053 1230 φρονιμώτεροι,
1083 1138 1132 1224 ώς
1154 1137 1338 1228 φιλόσοφοι
1360 1154 1463 1214 πλσυ

151 1245 254 1311 σίων·
277 1235 318 1310 οὐ
339 1238 402 1328 γάρ
424 1245 601 1328 ἐπέχωσαν
622 1240 687 1313 τὸν
708 1247 791 1312 νοῦν
814 1258 886 1323 ταῖς
909 1261 1053 1330 τροφαῖς
1069 1238 1146 1314 οὐδὲ
1161 1237 1340 1331 ἠπάτησαν
1355 1238 1461 1314 αὐτόν

150 1335 299 1428 ἡδοναῖς.
343 1336 455 1430 άγάπη
479 1343 513 1408 δὲ
536 1345 587 1428 τῷ
611 1333 688 1410 ὄντι
710 1337 909 1429 ἐπουράνιός
930 1345 1002 1412 ἐστι
1023 1340 1146 1432 τροφή,
1169 1342 1313 1424 ἑστίασις
1328 1339 1460 1432 λογική·
1478 1357 1494 1411 3

154 1435 290 1510 »πάντα
312 1445 430 1529 στέγει,
461 1436 576 1510 πάντα
597 1435 767 1528 δπομένει,
799 1437 914 1512 πάντα
935 1444 1074 1528 ἐλπίζει·
1116 1437 1273 1532 ήύγάπη
1295 1437 1460 1514 οὐδέποτε

87 1555 132 1610 10
151 1545 298 1610 πίπτειι
346 1535 524 1627 »μακάριος
556 1533 594 1620 ῦς
620 1535 765 1626 φάγεται
795 1538 903 1626 ἄρτον
932 1547 970 1612 ἐν
1001 1549 1043 1630 τῇ
1073 1548 1221 1632 βασιλείᾳ
1252 1548 1316 1614 τοῦ
1346 1547 1457 1613 θεοῦ.ι

151 1637 406 1726 χαλεπώτατον
435 1643 470 1708 δέ
500 1635 645 1710 πάντων
666 1635 868 1728 πτωμάτων
889 1639 953 1729 τήν
976 1639 1144 1712 ἄπτωτον
1166 1637 1302 1729 όγάπην
1323 1639 1496 1712 ἄνωθεν4

152 1743 189 1824 ἐξ
212 1735 370 1824 οὐρανῶν
392 1742 447 1810 ἐπὶ
470 1738 551 1821 τούς
573 1738 705 1827 ςωμούς
726 1740 909 1826 ῥίπτεσθαι
929 1747 1038 1828 χαμαί.
1080 1735 1155 1832 κᾷτ’
1179 1745 1241 1812 οἴει
1262 1770 1301 1830 με
1325 1747 1463 1812 δεῖπνον

151 1834 309 1926 ἡγεῖσθαι
330 1835 371 1908 τὸ
394 1835 687 1927 καταργούμενον;
720 1839 797 1910 »ἐὰν
818 1834 911 1927 γάρι,
934 1849 1023 1929 φησί,
1048 1845 1171 1912 »διαδῶ
1197 1839 1240 1912 τά
1266 1835 1463 1929 ὐπάρχοντά
1520 1919 1533 1940 ν

150 1966 231 2026 μου,
254 1932 389 2026 άγάπην
411 1941 446 2006 δὲ
468 1935 512 2026 μή
535 1939 610 2025 ἔχω,
632 1934 732 2008 οὐδέν
753 1942 844 2027 εἰμι(
1531 1905 1543 1994 ί

90 2054 130 2106 15
242 2033 369 2126 Ταύτης
391 2029 472 2118 ὅλος
493 2032 686 2126 άπήρτηται
712 2043 774 2125 τῆς
796 2033 928 2128 ὐγάπης
950 2033 968 2109 δ
992 2035 1095 2127 νόμος
1121 2046 1176 2110 καὶ
1199 2033 1219 2110 δ
1242 2035 1352 2128 λόγος·
1397 2035 1462 2109 κάν
1480 2053 1528 2119 6,1

152 2133 332 2225 άγαπήσης
361 2133 478 2224 κύριον
509 2135 573 2208 τὸν
603 2134 689 2208 θεόν
719 2159 781 2206 σου
809 2143 865 2208 καὶ
887 2137 951 2210 τόν
971 2147 1119 2228 πλησίον
1140 2160 1215 2222 σου,
1247 2143 1284 2209 ἐν
1305 2135 1462 2226 οὐρανοῖς

152 2243 249 2308 ἐστιν
271 2227 357 2325 αῦτη
379 2231 400 2323 ή
421 2233 622 2323 ἐπουράνιος
641 2232 772 2324 εὐωχία,
795 2233 816 2324 ἡ
838 2242 873 2309 δὲ
895 2239 1040 2326 ἐπίγειος
1062 2242 1202 2310 δεῖπνον
1222 2244 1393 2328 κέκληται,
1416 2234 1464 2320 ώς

153 2339 193 2406 έκ
216 2339 278 2424 τῆς
299 2339 431 2423 γραφῆς
453 2330 696 2420 ἀποδέδεικται,
728 2332 769 2406 δι’
801 2333 935 2428 άγάπην
964 2344 1026 2427 μὲν
1047 2337 1227 2428 γινόμενον
1250 2336 1291 2411 τό
1315 2345 1463 2422 δεῖπνον,

154 2430 232 2508 ἀλλ’
254 2431 316 2505 οὐκ
338 2428 450 2523 άγάπη
473 2433 514 2506 τό
538 2441 686 2520 δεῖπνον,
718 2440 833 2525 δεῖγμα
855 2443 891 2508 δέ
913 2434 1045 2520 εὐνοίας
1067 2443 1273 2528 κοινωνικης
1295 2444 1351 2509 καὶ
1373 2433 1463 2526 εὐμε-

96 2549 135 2603 20
155 2531 314 2606 ταδότου.
360 2532 421 2624 »μή
444 2541 707 2623 βλασφημείσθω
731 2529 793 2608 οὐν
814 2533 913 2624 ήμῶν
935 2534 976 2608 τό
999 2533 1140 2624 άγαθόν.
1182 2535 1222 2609 οὐ
1243 2535 1305 2627 γάρ
1328 2542 1420 2609 ἐστιν
1443 2532 1497 2626 ή2

153 2641 305 2718 βασιλεία
335 2639 398 2704 τοῦ
427 2640 512 2706 θεοῦ
533 2642 657 2723 βρῶσις
686 2642 741 2707 καὶ
769 2634 898 2720 πόσιςι,
930 2643 1032 2727 φησὶν
1054 2632 1072 2707 δ
1095 2634 1303 2720 ὐπόστολος,
1336 2641 1391 2707 ίνα
1421 2635 1462 2707 τό

155 2730 327 2822 ἐφήμερον
357 2731 497 2822 ἄριστον
528 2743 648 2824 νοηθή,
682 2733 788 2808 νάλλόι
810 2734 1004 2826 δικαιοσύνη
1026 2743 1081 2806 καὶ
1104 2735 1219 2826 εἰρήνη
1241 2743 1295 2806 καὶ
1317 2736 1403 2826 χαρδι
1425 2742 1463 2806 ἐν

155 2831 324 2921 πνεύματι
355 2827 465 2922 άγίῳ.ι
520 2832 647 2906 τούτου
678 2831 696 2907 δ
729 2837 851 2925 φαγών
881 2843 943 2907 τοῦ
974 2832 1116 2925 ὐρίστου
1145 2835 1185 2907 τό
1217 2835 1358 2923 ἄριστον
1389 2843 1462 2906 τών

155 2927 283 3020 ὄντων,
304 2938 308 3019 1
328 2931 392 3020 τήν
413 2938 582 3015 βασιλείαν
604 2941 666 3007 τοῦ
687 2943 782 3018 θεοῦ,
804 2932 972 3025 κτήσεται,
995 2931 1180 3024 μελετήσας
1201 2938 1341 3006 ἐνθένδε
1362 2930 1461 3024 δγίαν
1480 2953 1563 3008 ῖόῖΡ

98 3045 135 3099 25
155 3029 338 3121 συνήλυσιν
358 3027 499 3120 άγάπης,
521 3029 684 3122 οὐράνιον
705 3037 891 3124 ἐκκλησίαν.
933 3031 1045 3125 άγάπη
1068 3040 1129 3123 μὲν
1151 3025 1213 3105 οῦν
1233 3039 1342 3123 χρῆμα
1355 3045 1462 3105 καθα·
1480 3051 1529 3112 ῖ,1

155 3129 219 3220 ρόν
249 3137 303 3202 καὶ
326 3137 389 3202 τοῦ
411 3139 496 3203 θεοῦ
526 3131 629 3218 άξιον,
661 3137 760 3223 ἔργον
781 3140 817 3205 δὲ
844 3131 947 3224 αὐτῆς
970 3131 990 3224 ἡ
1012 3131 1197 3222 μετάδοσις.
1243 3141 1405 3220 »φροντὶς
1427 3138 1462 3204 δὲ

154 3237 309 3314 παιδείας
330 3227 474 3320 άγάπηι,
505 3227 650 3322 ήσοφία
682 3241 779 3323 λέγει,
813 3230 942 3322 εάγάπη
966 3240 1001 3305 δὲ
1023 3231 1162 3323 τήρησις
1184 3228 1304 3322 νόμων
1326 3228 1458 3322 αὐτῆςι

157 3335 191 3402 αἱ
215 3337 250 3402 δὲ
271 3326 475 3418 εὐφροσύναι
497 3324 597 3404 αὗται
619 3331 766 3422 ἐναυσμά
788 3362 821 3403 τι
843 3329 974 3424 όγάπης
997 3336 1128 3422 ἔχουσιν
1149 3338 1186 3404 ἐκ
1208 3327 1463 3434 τήςπανδήμου

154 3435 288 3519 τροφῆς
317 3428 579 3520 συνεθιζόμενον
610 3438 655 3514 είς
686 3429 797 3504 άίδιον
819 3431 968 3524 τροξφήν.
1011 3430 1124 3522 άγάπη
1155 3437 1216 3522 μὲν
1239 3435 1301 3504 οῦν
1322 3438 1463 3504 δεῖπνον
1480 3451 1547 3507 628

242 3600 312 3656 2-1
333 3597 389 3670 vgl.
406 3601 547 3656 Musonius
566 3621 589 3656 ε..
608 3621 632 3658 ει.
647 3603 678 3658 0.
697 3605 732 3674 (p.
745 3605 803 3673 528,
815 3605 900 3661 5-10
911 3606 1011 3671 Hense)
1031 3597 1163 3673 οὐδαμῶς
1180 3597 1388 3672 ὠφελουμένων
1405 3609 1464 3659 τῶν

158 3681 299 3754 σωμάτων
317 3679 349 3739 ἐκ
365 3693 415 3752 τῆς
432 3687 615 3754 πολυτελείας
631 3693 689 3743 τῶν
706 3688 879 3762 βρωμάτων·
898 3695 956 3744 πᾶν
973 3687 1028 3762 γὰρ
1046 3681 1214 3744 τούναντίον
1231 3683 1260 3742 οὶ
1276 3693 1338 3752 ταῖς
1355 3679 1463 3744 εὐτελε-

157 3767 273 3834 στάτοις
300 3765 445 3840 χρώμενοι
470 3779 591 3842 τροφαῖς
618 3769 800 3845 ἰσχυρότατοί
825 3772 903 3830 εἰσιν.
937 3773 1003 3838 τοὺς
1025 3779 1095 3844 γοῦν
1113 3770 1227 3836 οἰκέτας
1244 3776 1302 3826 τῶν
1319 3773 1465 3828 δεσποτῶν

156 3856 206 3910 καί
232 3851 297 3917 τοὺς
321 3853 445 3922 χωρίτας
469 3860 528 3910 τῶν
545 3851 670 3911 ἀστικῶν
687 3859 735 3914 καί
757 3857 824 3922 τοὺς
840 3856 963 3927 πένητας
979 3863 1036 3913 τῶν
1053 3858 1195 3912 πλουσίων
1213 3852 1282 3919 ίδοις
1308 3850 1344 3910 ἂν
1362 3851 1402 3922 ῶς
1419 3852 1465 3912 ἐπὶ

157 3938 190 3994 τό
218 3941 328 4005 πλῆθος
348 3936 588 4011 ῥωμαλεωτέρους
613 3937 698 4007 όντας
725 3973 757 3982 -
784 3942 829 3999 51
852 3943 906 4010 vgl.
934 3943 967 3996 Κ.
986 3941 1131 3997 Praeohter
1148 3939 1246 4010 BphW
1264 3943 1297 3995 16
1316 3941 1402 4008 (1806)
1420 3941 1464 4012 Sp.

156 4023 222 4080 904²
238 4053 271 4061 -
290 4023 402 4093 21ng
422 4023 488 4078 GAF
506 4025 545 4077 ΙΙΙ
563 4043 590 4094 p.
602 4029 653 4082 444
671 4026 769 4097 Adesp.
783 4027 832 4082 184
850 4057 883 4066 -
901 4027 946 4083 91
961 4027 1050 4082 IKor.
1068 4027 1109 4093 13,
1129 4026 1163 4080 71
1177 4055 1211 4064 -
1230 4025 1268 4080 10
1286 4025 1353 4078 Luk.
1373 4028 1413 4089 14,
1433 4029 1465 4080 15

157 4107 1270 4178 -18v31.111{0r.3,11;1K0r.6,13-1811K0r.13‚3.2-151
1291 4109 1346 4177 vgl.
1365 4109 1463 4164 Matth.

157 4194 198 4256 22,
217 4193 259 4248 ιο.
278 4193 379 4247 ιιι-39
397 4223 431 4231 -
449 4189 511 4250 ιοι
528 4194 629 4248 weish.
648 4195 702 4248 sal.
720 4197 744 4262 ο,
764 4197 797 4252 ιε

242 4342 283 4398 41
298 4339 475 4416 ίσγυρότεροί
486 4373 519 4384 -
531 4339 716 4416 ὑγιεινότεροι
728 4377 760 4386 -
774 4347 969 4419 γενναιότεροι
983 4343 1140 4400 Wendland
1153 4345 1261 4408 QWS'G·
1274 4343 1381 4397 MUSOU·
1393 4361 1419 4413 P·
1432 4335 1464 4398 27

159 4423 340 4498 ἰσχυρότατοί
358 4457 388 4466 -
410 4423 587 4499 όγεινότατοι
605 4431 700 4498 (Ρ*Μ*
717 4426 906 4501 ύγιεινότατοι
924 4431 1011 4492 1²³M2)
1029 4461 1062 4469 -
1079 4423 1310 4499 γενναιῦϊαΐθῖΡ
1326 4429 1329 4494 Ι
1347 4428 1384 4482 12
1403 4421 1466 4502 qut’

159 4509 206 4564 wi
223 4511 272 4566 καὶ
288 4509 316 4563 in
334 4511 395 4566 Rus.
413 4513 482 4568 fiber
499 4513 525 4568 d.
544 4515 570 4569 Z.
593 4513 627 4566 Ρ1
643 4517 646 4582 4
663 4511 717 4572 οἴει
735 4515 775 4584 (σί
790 4517 818 4571 in
837 4517 910 4586 Rae.)
928 4519 962 4570 Ρ1
980 4516 1008 4571 τί
1023 4517 1067 4570 δεῖ
1081 4513 1160 4568 Sohw
1176 4527 1179 4574 ι
1195 4513 1262 4566 {ibor
1279 4531 1315 4581 με
1332 4511 1397 4565 Rus.
1416 4513 1437 4566 P
1460 4513 1464 4579 Ι

160 4595 200 4652 13
217 4595 348 4665 ἡγεῖσθαι
367 4595 387 4650 F
405 4599 563 4668 διηγεῖσθαι
580 4599 632 4652 ΡΜ
650 4601 654 4668 Ι
672 4600 709 4656 15
728 4595 794 4668 όλσς
812 4601 922 4656 Miinzel
940 4598 1007 4670 ὅλης
1024 4598 1066 4666 ΡΙ
1083 4598 1118 4653 27
1140 4595 1246 4667 ἀγάπη]
1266 4605 1298 4662 ·1·
1316 4595 1349 4666 ίίν
1367 4597 1403 4650 1³²
1420 4614 1464 4650 nm

158 4679 237 4734 Rand
252 4682 257 4746 Ι
273 4680 312 4735 29
330 4682 561 4752 συνεθιζόμενον]
580 4680 784 4756 ἐρεθιζόμενον
802 4688 881 4742 Schw
897 4689 901 4758 Ι
916 4687 1025 4757 τροφήν
1043 4683 1082 4739 Ρ*
1099 4684 1207 4756 τρυφήν
1224 4682 1259 4735 Ρι
