3532 5470
273 1381 759 1480 ΚΛΗΜΕΝΤΟΣ
801 1381 1297 1482 ΣΤΡῼΜΑΤΕῼΣ

331 1571 767 1653 ΠΡΟΤΡΕΠΤΙΚΟΣ
796 1571 945 1652 ΠΡΟΣ
974 1571 1247 1655 ΕΛΛΗΝΑΣ

214 1752 238 1818 1.
264 1741 456 1836 'Apcplmv‘
437 1776 456 1818 σ
475 1753 619 1834 Θηβαῖος
634 1754 689 1817 καὶ
703 1740 864 1832 Ἀρίων
845 1773 864 1816 ο
881 1746 1150 1835 Μηθυμναῖος
1129 1776 1232 1834 αμφω
1255 1755 1315 1836 μὲν
1337 1744 1486 1838 ήστην]
1501 1776 1513 1826 1

133 1847 249 1938 ῳδικώ
273 1853 395 1936 (μῦθος
411 1845 488 1918 δὲ’
468 1873 584 1936 αμφω
607 1855 662 1917 καὶ
685 1843 726 1918 τὸ
749 1837 836 1937 ᾆσμα
859 1851 958 1914 εἰσέτι
980 1852 1086 1918 τοῦτο
1106 1841 1312 1938 Ἑλλήνων
1301 1842 1441 1919 άδεταιῖ

102 1954 249 2067 ῡχορηι),
273 1953 373 2035 τέχνη
396 1953 438 2035 τῇ
460 1953 602 2036 μουσικῇ
625 1938 643 2014 δ
666 1952 727 2035 μὲν
748 1944 848 2032 ἰχθῦν
871 1942 1034 2030 δελεάσας,
1058 1940 1136 2016 ῦδε
1160 1944 1270 2035 Θήβας
1292 1956 1442 2034 τειχίσας.
1464 1964 1514 2018 ΞΡ

135 2045 282 2136 Θρᾴκιος
310 2051 344 2117 δὲ
371 2045 475 2128 ἄλλος
497 2043 662 2134 σοφιστὴς
693 2043 809 2131 (ἄλλος
836 2036 940 2166 σῦτης
966 2051 1075 2134 μῦθος
1096 2041 1300 2134 Ἑλληνικάς)
1331 2044 1443 2118 ἐτιθά-

133 2171 208 2217 σευε
234 2146 278 2216 τδι
300 2153 405 2236 θηρία
431 2173 541 2272 γυμνη
566 2152 609 2232 τῇ
620 2141 708 2266 ηλνδή
734 2153 789 2216 καί
813 2144 853 2236 δή
876 2145 919 2216 τὰ
942 2149 1072 2235 δένδρα,
1095 2145 1157 2229 τὰς
1179 2145 1323 2235 φηγούς,
1351 2176 1443 2235 μετε-

134 2244 316 2334 φῦτευε”
273 2275 315 2334 τη
337 2252 489 2335 μουσικῇ.
526 2240 628 2333 έχοια
653 2244 695 2315 άν
718 2268 770 2317 σοι
791 2253 847 2316 καὶ
870 2244 977 2316 ἄλλον
1000 2243 1135 2328 τούτοις
1158 2241 1309 2332 άδελφὸν
1332 2243 1477 2336 διηγήλ

134 2357 258 2418 σασθαι
284 2351 398 2436 μῦθον
419 2350 475 2415 καί
498 2341 606 2434 ηἰδόν,
630 2336 787 2433 Εὔνομον
809 2342 874 2415 τὸν
896 2343 1032 2434 Λοκρὸν
1052 2352 1109 2417 καὶ
1132 2351 1270 2433 τέττιγα
1292 2345 1355 2417 τὸν
1377 2353 1443 2416 Πυ-

89 2443 248 2524 ιοθικόν.
284 2443 469 2535 πανήγυρις
483 2415 658 2533 Ἱδλληνική
681 2448 735 2514 ἐπὶ
697 2473 869 2534 πνεκρηο
852 2439 1048 2532 δράκοντι
1070 2463 1306 2533 συνεκροτεῖτο
1322 2453 1443 2520 Πυθοῖ

134 2542 319 2632 ἐπιτάφιον
345 2543 488 2632 ἑρπετοῦ
514 2539 660 2635 άδοντος
684 2539 851 2632 Εὐνόμου·
888 2537 992 2633 ῦμνος
1017 2539 1039 2632 ή
1067 2549 1196 2666 θρήνος
1223 2573 1337 2628 οφεως
1359 2575 1401 2635 ιγν
1424 2577 1444 2637 η

135 2642 218 2735 φδή,
241 2640 304 2715 οῦκ
326 2647 390 2733 ἔχω
414 2651 535 2734 λέγειν·
563 2639 658 2732 άγών
680 2635 755 2713 δὲ
738 2672 780 2732 ην
801 2652 855 2713 καί
878 2640 1123 2730 ἐκιθάριζεν0
1094 2670 1166 2762 ωρᾳ
1188 2642 1359 2732 καύματος
1382 2640 1443 2715 Εῦ-

136 2771 248 2832 νομσς,
281 2739 428 2866 ὁπηνίκα
461 2748 493 2816 σί
524 2751 675 2832 τέττιγες
700 2738 772 2814 ῦπδ
804 2761 876 2826 τοῖς
906 2741 1067 2825 πετάλοις
1097 2733 1233 2829 ηδον>
1212 2743 1276 2814 ανά
1308 2743 1349 2814 τά
1382 2739 1443 2835 ὄρη

134 2840 424 2968 θεράμενοιήλίῳ.
460 2837 632 2932 ήδονδὲ”
612 2871 676 2931 αρα
692 2840 733 2913 οῦ
748 2849 799 2933 τῷ
821 2839 982 2931 δράκοντι
1004 2850 1055 2932 τῷ
1078 2849 1198 2966 vexoq33
1223 2873 1273 2932 τῳ
1256 2851 1442 2933 Πυθικῷ,

87 2965 115 3018 15
134 2941 221 3016 άλλδι
244 2949 295 3032 τῷ
318 2951 391 3033 θεῷ
406 2950 458 3034 τῷ
476 2939 647 3033 πανσόφῳ
669 2938 865 3032 αὐτόνομον
887 2940 991 3032 ᾠδήν,
1014 2949 1087 3012 τιῦν
1108 2915 1264 3032 Ειῗνόμοῦ
1285 2950 1443 3028 βελτίονα

136 3042 264 3132 νόμων·
302 3039 465 3132 ῥήγνυται
489 3041 593 3132 χορδή
621 3049 671 3131 τῷ
695 3049 833 3132 Λοκρῷ·
867 3047 1054 3130 ἐφίπταται
1081 3037 1099 3114 δ
1126 3048 1241 3126 τέττιξ
1267 3049 1317 3130 τῷ
1341 3050 1442 3131 ζυγῷ·

135 3149 321 3231 ἐτερέτιζεν
343 3139 390 3224 οδς
412 3147 465 3213 ἐπὶ
492 3139 609 3231 κλάδῳ
636 3147 685 3230 τῷ
715 3136 864 3230 ὀργάνῳ·
900 3149 955 3211 καί
979 3147 1041 3213 τσῦ
1062 3147 1218 3228 τέττιγος
1241 3147 1290 3229 τῷ
1319 3136 1441 3230 ᾄσματι

137 3239 368 3332 ἁρμοσάμενος
390 3237 409 3314 δ
430 3239 519 3332 ᾠδὸς
541 3241 606 3330 τήν
622 3249 807 3313 λείπουσαν
826 3238 1045 3330 ἀνεπλήρωσε
1058 3239 1192 3330 χορδήν.
1224 3234 1350 3312 οῦκουν
1370 3239 1442 3331 ςδδή
1461 3263 1477 3316 3

138 3351 179 3431 τῇ
194 3337 352 3430 Εῦνδμου
374 3340 490 3430 ἄγεται
513 3337 532 3412 δ
555 3349 678 3426 τέττιξ,
702 3339 750 3424 ιδς
770 3338 789 3414 δ
811 3347 920 3430 μῦθος
941 3339 1108 3426 βούλεται,
1130 3345 1278 3428 χαλκοῦν
1300 3338 1443 3432 άναστή-

67 3459 122 3514 ,20
138 3465 197 3524 σας
218 3449 334 3512 Πυθοῖ
354 3441 417 3513 τὸν
440 3434 597 3528 Εὔνομον
620 3437 705 3530 αῦτή
729 3449 770 3529 τή
793 3437 919 3532 κιθάρᾳ
942 3448 997 3510 καί
1020 3439 1083 3512 τὸν
1106 3438 1360 3530 συναγωνιστὴν
1382 3448 1445 3513 τοῦ

141 3547 288 3630 Λοκροῦ·
325 3534 343 3610 δ
367 3546 401 3611 δὲ
424 3540 513 3611 έκιῦν
535 3545 720 3628 ἐφίπταται
742 3548 797 3610 καὶ
821 3536 893 3632 ᾄδει
915 3540 1013 3624 ἑκών,
1034 3535 1171 3628 Ἕλλησι
1193 3547 1228 3610 δε
1251 3546 1344 3611 δοκεῖ
1363 3537 1444 3613 ῦπο-

137 3641 253 3730 κριτής
274 3646 449 3729 γεγονέναι
470 3647 640 3731 μουσικῆς.

220 3747 273 3829 Πή
308 3745 350 3829 δή
386 3733 447 3813 οῦν
482 3739 603 3828 μύθοις
637 3757 750 3822 κενοῖς
788 3739 1048 3824 πεπιστεύκατε,
1086 3746 1268 3828 θέλγεσθαι
1304 3747 1444 3830 μουσικῇ
1462 3755 1514 3820 2,1

140 3841 266 3930 τὰζῷα
286 3835 601 3928 ὑπολαμβάνοντες
624 3837 783 3931 ἀληθείας
803 3847 838 3912 δὲ
860 3837 939 3930 ῦμῖν
961 3837 1002 3910 τὸ
1024 3837 1213 3925 πρόσωπον
1235 3836 1276 3909 τὸ
1300 3839 1445 3929 φαιδρὸν

96 3966 125 4019 25
141 3937 259 4028 μόνον,
292 3934 340 4020 οῦς
371 3942 492 4024 έοικεν,
524 3945 735 4012 ἐπίπλαστον
769 3943 855 4011 εἶναι
881 3945 975 4010 δοκεῖ
1002 3947 1058 4011 καὶ
1085 3957 1156 4020 τοῖς
1183 3933 1339 4020 άπιστίας
1364 3936 1445 4010 δπο-

141 4047 319 4111 πέπτωκεν
334 4033 533 4127 ὀφθαλμοῖς.
572 4041 749 4130 Κιθαιρών
763 4047 799 4112 δὲ
822 4039 887 4128 άρα
908 4048 964 4109 καί
977 4034 1119 4108 Ἐλικών
1139 4042 1193 4105 καί
1216 4035 1258 4106 τά
1280 4031 1445 4124 Ὀδρυσῶν

142 4131 200 4226 ὅρη
216 4146 272 4209 καί
290 4145 443 4230 Θρᾳκῶν,
466 4140 663 4234 τελεστήρια
679 4147 740 4230 τής
755 4138 893 4229 πλάνης,
911 4139 997 4227 <διά>
1013 4137 1056 4208 τά
1071 4133 1236 4231 μυστήρια
1252 4143 1445 4208 τεθείασται

227 4310 240 4364 ί
262 4305 305 4378 [τά
318 4307 427 4381 δένδρα]
439 4310 548 4380 Mayor,
568 4312 668 4368 Philol.
683 4314 717 4368 58
734 4313 822 4381 (1898)
836 4311 861 4365 S.
874 4311 924 4366 266
942 4307 977 4364 τὰ
996 4307 1113 4382 δένδραι
1130 4330 1147 4360 ι
1165 4305 1263 4372 Schwl
1280 4305 1319 4360 14
1337 4313 1376 4378 τῷ
1389 4307 1444 4360 Ευ

30 4439 31 4442 ,
142 4395 210 4463 θικιξι
228 4401 261 4451 <
278 4391 354 4446 MWi
369 4395 373 4460 Ι
391 4395 429 4450 16
448 4393 619 4466 αὐτόνομον]
638 4395 801 4464 αὐτόματον
820 4397 942 4464 Bernays
957 4395 962 4462 1
979 4395 1016 4449 17
1040 4389 1064 4448 ’έ
1051 4389 1102 4448 ἐπί
1127 4400 1167 4464 τιΐι
1187 4389 1290 4463 ὀργάν(
1287 4411 1300 4442 υ
1319 4391 1382 4445 Βείί
1370 4395 1443 4446 ίιοιι-

30 4475 31 4496 ’
143 4479 217 4540 stein,
231 4477 442 4534 PoimandresS.
456 4481 506 4535 206
522 4482 526 4548 l
544 4477 624 4538 18
596 4479 698 4538 οῦκοιν
711 4483 758 4535 Ma
770 4480 905 4538 οὐκοινΡ
921 4487 925 4546 Ι
940 4481 977 4534 21
992 4479 1072 4534 δοκεῖ
1079 4477 1125 4531 Wi
1140 4449 1261 4532 ίδδκειΡ
1277 4477 1280 4542 1
1298 4476 1336 4531 23
1351 4484 1445 4539 κενοῖς

145 4561 224 4612 Pcorr
242 4569 352 4626 καινοις
369 4562 407 4615 Ρ*
427 4567 431 4634 Ι
455 4567 492 4622 27
514 4567 647 4640 Θρᾳκῶν,
670 4569 833 4638 τελεστήρια
855 4575 904 4633 τῆς
925 4562 1041 4632 πλάνης,
1061 4560 1133 4629 (διὰ)
1152 4559 1186 4618 τά
1209 4577 1299 4628 μι·ιγσι
1290 4561 1348 4632 ’ρια
1366 4559 1444 4614 Schu

31 4569 34 4704 ί
146 4645 261 4720 θρηνῶν
280 4649 448 4720 τελεστήρια,
467 4659 515 4719 τῆς
532 4649 640 4722 πλάνης
657 4651 692 4708 τὰ
710 4653 857 4723 μυστήρια,
876 4651 899 4706 Ρ

1196 4733 1230 4784 1*
