3520 5498
479 543 660 614 paedagogus
678 542 698 596 I.
717 541 781 612 Cap.
799 540 832 596 X.
850 541 891 604 92,
910 542 1000 604 1-94,
1021 543 1044 595 1.
1359 551 1416 610 145

105 713 261 796 τρίφατσ
285 712 345 795 τῆς
368 711 477 787 αἰτίας
500 704 555 776 διά
579 710 639 793 τῆς
661 711 841 792 ἐπιτιμίας,
873 710 929 774 καὶ
951 702 1016 793 τὴν
1036 701 1177 776 κόλασιν
1196 701 1416 776 ἐπανατεινό-

101 835 208 895 μενος
230 805 295 894 τὴν
315 801 390 875 κατ’
415 801 521 892 ἀξίαν,
546 810 607 893 τῆς
629 800 815 894 εὐεργεσίας
836 808 1025 890 ἐνεδείξατο
1048 801 1113 893 τήν
1128 799 1292 888 εύπσιίαν,
1312 831 1418 890 τεχνι-

102 905 250 977 κώτατα
271 907 327 974 ἐπὶ
350 903 416 994 τήν
437 909 555 994 χρῆσιν
578 899 662 992 ἡμᾶς
683 911 740 974 καὶ
762 903 827 993 τήν
847 909 968 992 κτῆσιν
990 910 1063 975 τῶν
1085 909 1203 974 καλῶν
1222 901 1418 991 διὰταύτης

103 1011 236 1076 καλῶν.
266 1009 320 1076 ναὶ
341 1002 485 1093 μήνκαὶ
509 1007 563 1074 ἐπὶ
586 1001 650 1092 τήν
672 1009 799 1092 γνῶσιν
820 1012 1010 1091 παρακαλεῖ
1029 1003 1084 1074 διά
1104 1010 1166 1092 μέν
1189 1009 1251 1075 τοῦ
1264 998 1451 1091 Ἱερεμίου3

60 1129 81 1182 5
104 1111 234 1192 λέγων·
268 1110 329 1192 «τῇ
356 1098 426 1193 όδῷ
450 1107 513 1174 τοῦ
535 1107 620 1172 θεοῦ
642 1107 671 1172 εἰ
692 1101 897 1192 ἐπορεύθης,
925 1101 1091 1194 κατῴκεις
1113 1099 1156 1174 ἀν
1176 1107 1213 1173 ἐν
1236 1099 1350 1192 εἰρήνῃ
1374 1106 1419 1182 εἰς

106 1203 177 1274 τόν
207 1205 340 1275 αἰῶνα(
385 1199 624 1275 ἀποδεικνύων
653 1199 716 1289 γάρ
749 1206 901 1275 ἐνταῦθα
931 1199 995 1273 τόν
1020 1200 1147 1291 μισθόν
1174 1209 1235 1292 τῆς
1261 1201 1420 1292 γνώσεως

105 1306 157 1386 εἰς
190 1304 302 1390 ἔρωτα
333 1299 437 1391 αὐτῆς
475 1301 555 1382 τούς
584 1301 745 1384 συνετούς
776 1305 965 1374 ἐκκαλεῖται
993 1307 1049 1373 καὶ
1080 1308 1131 1391 τῷ
1163 1305 1420 1390 πεπλανημένῳΙ

105 1403 312 1492 συγγνώμην
335 1408 447 1490 νέμων
476 1405 674 1489 »ἐπίστρεφε
695 1397 767 1490 γάρ,
797 1405 986 1490 ἐπίστρεφε,
1010 1398 1058 1484 ως
1080 1395 1100 1472 ό
1122 1407 1258 1490 τροχῶν
1279 1405 1333 1471 ἐπί
1356 1399 1421 1472 τόν
1438 1417 1521 1474 153P

104 1500 307 1591 κάρταλλον
328 1498 451 1574 αύτσῦι
477 1507 573 1589 λέγει.
616 1496 697 1592 όρζις
718 1498 759 1571 τό
783 1496 917 1590 ἀγαθόν
939 1506 1000 1590 τῆς
1015 1499 1228 1590 δικαιοσύνης
1243 1517 1421 1590 μετανοεῖν

45 1623 84 1677 10
105 1599 416 1691 συμβουλευούσης;
449 1604 557 1672 ἔτιδὲ
581 1599 635 1670 διά
655 1596 810 1688 Ἱερεμίου
836 1607 978 1686 φωτίζει
1004 1619 1077 1681 τοῖς
1097 1606 1335 1688 πλανωμένοις
1358 1599 1423 1688 τήν
1438 1611 1504 1678 93,1

106 1698 291 1790 ἀλήθειαν·
325 1698 426 1772 »τάδε
456 1706 545 1788 λέγει
573 1698 701 1788 κύριος·
732 1705 834 1788 στῆτε
865 1703 921 1770 ἐπὶ
951 1717 1026 1780 ταῖς
1056 1693 1148 1782 όδσῑς
1177 1706 1232 1770 καὶ
1256 1704 1344 1770 ἰδετε
1366 1706 1422 1768 καὶ

106 1796 307 1888 ἐρωτήσατε
336 1807 474 1889 τρίβους
504 1808 622 1888 κυρίου
651 1804 804 1884 αἰωνίας,
834 1805 916 1870 ποία
942 1802 1034 1870 ἐστὶν
1065 1795 1222 1888 ήτρίβος
1255 1794 1423 1888 ήάγαθή,

106 1907 167 1970 καί
201 1905 350 1986 βαδίζετε
381 1902 417 1970 ἐν
448 1894 550 1988 αύτῇ,
581 1900 637 1968 κάὶ
669 1895 824 1988 εύρήσετε
854 1893 1016 1987 ἁγνισμὸν
1045 1917 1120 1981 ταις
1149 1915 1269 1986 ψυχαῖς
1297 1893 1419 1986 ύμῶνπ

107 2000 187 2088 ἀγει
222 2004 257 2069 δὲ
288 2003 342 2069 ἐπὶ
372 1997 437 2087 τήν
467 1995 651 2085 μετάνοιαν
682 2005 851 2088 σωτηρίας
878 1994 977 2086 χάριν
1005 2003 1066 2086 τῆς
1093 1993 1197 2086 ήμῶν.
1241 1995 1295 2068 διά
1317 1992 1423 2068 τοῦτό

48 2117 86 2170 15
108 2119 231 2187 φησιν·
266 2095 343 2168 »ἐάν
373 2095 592 2188 μετανοήσῃς,
624 2107 859 2186 περικαθαριεῑ
887 2095 1002 2185 κύριος
1027 2096 1093 2187 τήν
1118 2101 1259 2185 καρδίαν
1286 2119 1347 2168 σου
1367 2103 1423 2167 καὶ

110 2196 181 2287 τὴν
212 2202 352 2284 καρδίαν
382 2203 445 2268 τοῦ
478 2193 669 2285 σπέρματός
700 2219 785 2268 cova
832 2202 914 2286 ἐνήν
942 2202 1004 2285 μὲν
1026 2189 1088 2268 σύν
1114 2191 1322 2285 συνηγόρους
1343 2191 1457 2286 ήμ1ν2

110 2303 176 2386 τῆς
200 2293 370 2385 ζητήσεως
392 2295 518 2386 ταύτης
541 2294 793 2368 ἐπισπάσασθαι
814 2294 1038 2384 φιλοσόφους,
1065 2300 1102 2368 οἳ
1118 2317 1222 2384 φασιν
1243 2293 1424 2368 ἐπαινετὸν

110 2399 203 2468 εἶναι
233 2390 341 2484 μόνον
371 2394 435 2468 τόν
466 2402 612 2479 τέλειον,
643 2395 775 2484 ψεκτὸν
805 2401 841 2468 δέ
875 2394 934 2467 τόν
960 2401 1094 2483 φαῦλον
1115 2393 1302 2484 τυγχάνειν.
1345 2391 1424 2467 ἀλλ’

110 2501 189 2568 ἐπεὶ
211 2501 464 2582 συκαφαντοῦσί
484 2522 577 2576 τινες
598 2493 640 2566 τό
662 2492 841 2585 μακάριον,
873 2491 922 2578 σός
950 2492 1117 2584 πράγματ’
1150 2491 1212 2567 αύκ
1243 2497 1322 2585 ἔχον
1347 2488 1427 2567 οὔτε

53 2615 92 2668 ‘20
112 2591 205 2668 αύτό
232 2589 310 2666 οὗτε
338 2592 434 2682 άλλῳ
457 2623 508 2684 τῳ
532 2590 778 2683 παρεχόμενον,
806 2594 870 2684 τήν
893 2603 1160 2685 φιλανθρωπίαν
1182 2591 1426 2678 ἀσυνετσῦντες

114 2691 234 2778 αύτσῦ,
256 2693 311 2764 διά
333 2691 478 2775 τούτους
500 2693 540 2783 δή
563 2701 618 2765 καί
641 2695 722 2778 τούς
744 2696 794 2765 ἔτι
816 2693 857 2766 τό
880 2700 1011 2766 δίκαιον
1033 2691 1075 2767 ού
1092 2691 1357 2782 προσάπτοντας
1374 2701 1425 2784 τῷ

114 2791 257 2884 ἀγαθῷ,
281 2786 336 2865 όδε
359 2788 495 2883 όλόγος
510 2790 589 2883 ἡμίν
603 2792 796 2884 παρῃτήθη.
839 2789 1007 2882 ἑπόμενον
1029 2791 1091 2884 γάρ
1113 2785 1156 2881 ήν
1177 2789 1319 2880 φάσκειν
1341 2790 1458 2883 ήμῖις3

113 2892 159 2965 τό
183 2889 431 2981 ἐπιπληκτικόν
452 2899 508 2964 καὶ
531 2893 696 2980 ψεκτικόν
718 2895 805 2975 είδος
827 2899 888 2982 τῆς
910 2897 1139 2981 παιδαγωγίας
1161 2887 1324 2982 ἀρμόδισν
1341 2895 1426 2964 εἶναι

114 3010 193 3076 τοῖς
224 2987 439 3080 ἀνθρώποις,
471 2995 543 3063 ἐπεὶ
574 2989 706 3076 πάντας
734 2989 942 3082 ἀνθρώπους
968 2990 1120 3078 φαύλους
1142 2997 1287 3080 λέγουσι·
1318 2990 1425 3078 σοφός

58 3103 93 3158 25
114 3099 154 3164 δὲ
177 3086 197 3162 ό
218 3091 300 3175 θεός
324 3088 441 3182 μόνος,
466 3087 529 3178 ἀφ’
552 3083 593 3163 σύ
616 3089 636 3181 ἡ
658 3098 775 3178 σοφία,
797 3098 852 3161 καί
875 3097 1003 3173 τέλειος
1025 3086 1142 3180 μόνος,
1166 3089 1220 3162 διά
1242 3097 1347 3163 τοῦτο
1369 3097 1425 3162 καί

112 3187 224 3282 μόνας
254 3187 438 3273 ἐπαινετός.
482 3188 571 3263 ἀλλά
599 3189 640 3262 σύ
667 3199 857 3280 συγχρῶμαι
887 3198 938 3281 τῷ
962 3187 1055 3280 λόγῳ
1078 3196 1180 3280 τῷδε,
1203 3197 1285 3280 φημὶ
1307 3186 1340 3259 δ’
1364 3183 1426 3262 οὖν
1442 3209 1508 3274 94,1

114 3295 262 3362 ἔπαινον
291 3286 313 3380 ἢ
340 3286 452 3379 ψόγον
481 3286 503 3379 ἢ
531 3295 661 3379 ἐπαίνῳ
692 3319 726 3361 τι
752 3288 861 3372 ἐοικός
890 3298 946 3361 καί
976 3285 1076 3381 ψόγῳ
1106 3287 1252 3379 μάλιστα
1281 3287 1427 3361 πάντων

113 3407 192 3472 τοῖς
214 3385 415 3480 ἀνθρώποις
437 3386 689 3479 ἀναγκαιότατα
712 3387 879 3480 φάρμακα.
923 3393 1042 3477 οἱμὲν
1068 3381 1130 3461 οὖν
1156 3395 1317 3476 δυσίατοι,
1344 3400 1428 3462 καθ-

114 3488 206 3578 άπερ
236 3483 411 3578 όσίδηρσς
443 3489 530 3580 πρός
560 3495 623 3562 τοῦ
659 3490 767 3580 πυρός
797 3495 852 3559 καί
882 3488 1012 3577 σφύρας
1044 3497 1100 3562 καὶ
1132 3487 1295 3579 ἀκμσνος,
1327 3518 1428 3570 τρυτ·

62 3597 95 3651 30
115 3597 214 3661 ἐστιν
235 3583 387 3678 ἀπειλῆς,
417 3593 568 3677 ἐλέγχου,
600 3587 821 3679 ἐπιτιμήσεως
843 3588 1057 3674 ἐλαύνονται,
1088 3591 1120 3663 σί
1142 3596 1177 3661 δὲ
1210 3585 1296 3679 αὐτῇ
1326 3614 1429 3680 προσ·

115 3695 253 3776 ε’χσντες
284 3694 325 3776 τῇ
355 3695 467 3760 πίστει
498 3687 576 3761 σίου
599 3684 839 3762 αύτοδίδακτσι
864 3697 920 3761 καὶ
940 3695 1172 3779 προαιρετικοὶ
1195 3681 1355 3776 αὔξονται
1378 3696 1430 3780 τῷ

116 3792 264 3876 ἐπαίνῳ·

205 3973 250 4028 51
272 3973 380 4028 Bamch
398 3977 422 4038 3,
441 3977 473 4030 13
492 4006 523 4015 -
543 3977 588 4034 ss
611 3977 709 4032 Jerem.
728 3977 752 4043 6,
770 3977 787 4033 9
804 4007 837 4014 -
857 3976 970 4032 11-Ῑθ
996 3978 1095 4032 Jerem.
1114 3979 1138 4039 6,
1157 3977 1189 4031 16
1208 4005 1241 4014 -
1260 3975 1323 4031 15ἰ
1346 3975 1429 4031 Dent.

115 4061 159 4121 30,
178 4059 195 4112 6
223 4086 256 4096 —
284 4058 348 4114 171
368 4059 423 4128 vgl.
442 4059 521 4132 Diog.
540 4063 631 4116 Laert.
649 4061 701 4116 VII
720 4063 769 4116 100
787 4059 924 4130 λέγεσθαι
942 4059 972 4117 δέ
998 4059 1032 4115 τὸ
1050 4058 1140 4116 καλὸν
1165 4064 1301 4128 μοναχῶς
1316 4057 1378 4128 μέυ,
1396 4057 1429 4114 τὸ

116 4139 288 4207 ἐπαινετοὺς
305 4144 505 4213 παρεχόμενον
522 4145 588 4212 τοὺς
606 4140 724 4216 ἔχοντας
741 4143 856 4213 ἀγαθὸν
868 4145 986 4201 ἐπαίνου
1003 4139 1092 4209 ἀξιον.
1128 4142 1222 4212 Chrys.
1234 4144 1276 4197 Fr.
1289 4161 1355 4198 mor.
1368 4144 1434 4198 29ff
1493 4137 1500 4153 “

117 4227 218 4282 Arnim
236 4255 269 4265 -
288 4225 353 4282 1θί
367 4225 448 4296 Epik.
461 4227 535 4284 θεαί.
549 4230 561 4282 Ι
573 4231 678 4286 Usener
696 4233 736 4296 71,
754 4233 770 4285 3
788 4235 828 4298 (=
849 4230 929 4300 Diog.
947 4230 1037 4284 Laert.
1055 4227 1080 4281 X
1097 4228 1157 4292 139)

207 4394 223 4448 l
243 4389 344 4462 αἰτίας]
362 4387 504 4467 ἁμαρτίας
522 4397 570 4452 Ma
584 4399 623 4465 12
642 4394 781 4467 εὐποιίαν]
800 4395 935 4466 εὐπορίαν
947 4397 996 4451 Ma
1011 4397 1015 4464 Ι
1030 4396 1049 4452 θ
1067 4391 1248 4463 κάρταλσνθ
1263 4394 1267 4461 Ι
1284 4393 1322 4450 Ῑθ
1340 4391 1430 4464 πράγ-

119 4471 187 4546 ματ’
204 4479 236 4532 st
253 4482 372 4551 πρᾶγμα
391 4479 442 4532 ΕΜ
457 4481 461 4548 Ι
478 4481 542 4538 19ἰ
557 4476 597 4548 ὥς
615 4475 679 4538 σθιε
698 4479 767 4538 αὐτὸ
786 4481 942 4553 πράγματα
969 4475 1035 4550 ἕχον
1062 4473 1126 4534 οὔτε
1145 4472 1221 4552 ἄλλῳ
1245 4497 1285 4552 τῳ
1304 4477 1431 4550 παρέχον

120 4560 208 4616 Cobet
225 4561 277 4616 278
294 4563 366 4617 nach
384 4563 463 4635 Βίας.
482 4565 572 4621 baert.
588 4569 592 4634 1
609 4568 649 4623 20
668 4561 756 4622 ἄλλοι
772 4586 823 4623 τωι
841 4569 899 4635 (aus
916 4571 969 4622 τῶι
989 4581 1056 4621 oon.
1069 4581 1102 4616 w.
1122 4580 1144 4618 ε.
1163 4563 1229 4630 sch.)
1243 4563 1270 4615 M
1289 4556 1365 4636 ἀλλῳ
1384 4563 1404 4616 F
1427 4565 1430 4632 y

121 4643 325 4711 ἀωινεταῦντες
336 4646 365 4700 Μ
377 4643 583 4716 ἀσυνετοῦντος
594 4652 615 4705 F
630 4654 635 4719 Ι
651 4653 690 4708 22
710 4646 757 4708 ίίδε
769 4653 833 4705 FM²
850 4647 866 4706 δ
883 4651 912 4708 δέ
924 4651 968 4706 Μ*
985 4653 989 4718 Ι
1004 4649 1156 4721 παρῃτήθη
1169 4649 1209 4704 Ρο
1222 4645 1369 4720 παρετέθη
1381 4647 1431 4701 FM

36 4787 37 4790 ς
121 4730 245 4860 παρὲξθη
265 4728 353 4858 0οξσέ
364 4733 415 4788 278
424 4732 576 4804 παρετάθη
595 4733 744 4790 Markland
759 4738 763 4804 1
780 4738 817 4794 22
837 4733 944 4811 ἐπαίνῳ
963 4734 998 4790 Vi
1015 4731 1152 4802 ἐπαινετῷ
1170 4731 1221 4872 Ιίἰὲ

204 4825 290 4860 emens
318 4847 323 4860 .
1189 4820 1201 4870 1
