3510 5474
297 455 357 518 246
880 443 1013 500 Clemens.

298 637 392 690 τινας
428 616 556 698 τριχῶν
591 615 647 680 καί
680 616 845 698 χρίσματα
877 615 1013 680 πολιῶν
1044 613 1100 678 καὶ
1130 613 1352 694 ξανθίσματα,
1386 601 1612 694 ἀνδρογύνων

297 712 439 795 ἐξολῶν
469 706 729 798 ἐπιτηδεύματα,
760 714 817 781 καὶ
846 708 928 790 τούς
959 703 1212 793 διακτενισμούς
1242 702 1360 776 αὐτῶν
1390 703 1472 788 τούς
1504 714 1610 792 θηλυ-

297 808 450 895 δριοόδεις
475 815 651 898 μεθετέον.
694 803 857 896 ἡγοῦνται
882 805 945 894 γάρ
972 803 1129 892 καθάπερ
1151 797 1230 892 ὄφις
1252 809 1313 893 τῆς
1334 810 1486 893 κεφαλῆς
1507 801 1609 876 ἀπεκ-
1627 817 1643 870 3

298 907 463 980 δάσασθαι
486 906 526 978 τό
549 912 653 1026 γῆρας
674 904 950 1029 μεταγράφοντες
969 909 1004 992 Ι“
993 905 1133 986 εαυτοός
1154 913 1209 976 καὶ
1233 910 1486 987 νεοποιοῦντες·
1509 909 1537 974 εί
1552 934 1610 975 και
1597 910 1706 966 262Ρ

263 1014 500 1092 σσσφίσονται
528 1005 589 1088 τὰς
615 1014 738 1094 τρίχας,
766 1001 844 1078 ἀλλ’
872 1003 914 1078 ού
940 1003 1001 1089 τάς
1027 1007 1164 1092 ῥυτίδας
1187 1001 1436 1091 διαφεύξονται,
1464 999 1545 1075 ἀλλ
1568 1001 1611 1074 ού

299 1104 464 1194 λήσονται
491 1103 554 1178 τόν
581 1102 739 1178 θάνατον
766 1101 983 1194 σοφιζόμενον
1005 1102 1069 1176 τόν
1089 1101 1225 1194 χρόνον.
1268 1100 1309 1174 ού
1331 1101 1394 1191 γάρ
1416 1100 1540 1188 δεινόν,
1569 1100 1612 1174 ού

298 1201 411 1276 δεινὸν
436 1211 581 1294 γέροντα
615 1210 729 1276 δοκεῖν
759 1202 799 1277 τό
832 1204 918 1276 είναι
949 1213 1070 1277 λαθεῖν
1100 1203 1144 1294 μὴ
1177 1199 1376 1292 δυνάμενον.
1419 1195 1491 1292 ὅσῳ
1525 1208 1645 1290 γοῦν4

299 1298 317 1373 ό
340 1302 531 1392 ἄνθρωπος
552 1303 686 1376 σπεύδει
708 1303 795 1392 πρός
810 1311 918 1388 τέλος,
941 1302 1098 1392 τοσούτῳ
1114 1303 1315 1390 τιμιώτερος
1329 1300 1415 1392 πρὸς
1430 1298 1610 1391 ἀλήθειαν,

298 1399 407 1492 μόνον
429 1405 517 1491 ἔχων
538 1402 644 1476 αὐτοῦ
665 1402 893 1493 πρεσβύτερον
915 1403 978 1476 τόν
1001 1399 1094 1487 θεόν,
1117 1406 1188 1474 ἐπεὶ
1206 1401 1361 1485 κάκεῖνος
1375 1398 1483 1486 ἀίδιος
1498 1407 1612 1491 γέρων

248 1499 318 1580 1οό
350 1511 424 1576 τῶν
455 1496 571 1576 ὄντων
600 1501 837 1592 πρεσβύτερος·
872 1501 1039 1577 »παλαιόν
1069 1497 1221 1591 ἦμεροὸντ
1255 1508 1419 1592 κέκληκεν
1449 1497 1559 1572 αὐτόν
1590 1498 1611 1589 ἤ
1739 1559 1740 1610 η

299 1611 503 1692 προφητεία,
534 1610 607 1675 »καὶ
635 1600 757 1692 ἡθρίζ
779 1609 841 1692 τῆς
859 1609 1009 1692 κεφαλῆς
1032 1597 1137 1722 αύτρυ
1122 1597 1278 1672 ασελ
1262 1629 1355 1689 εριον
1376 1597 1564 1689 καθαρόν«
1590 1595 1610 1671 ό
1739 1619 1740 1706 γ

298 1699 481 1792 προφήτης
503 1709 598 1793 λέγει
643 1698 753 1784 οὐδεὶς
775 1707 810 1772 δὲ
832 1701 945 1786 ἀλλος,
968 1695 1113 1790 φησίν“
1094 1729 1113 1772 ο
1134 1698 1258 1790 κύριος,
1285 1698 1443 1796 »δύναται
1465 1707 1608 1790 ποιῆσαι

299 1809 395 1890 τρίχα
433 1803 556 1892 λευκὴν
586 1832 607 1892 η
638 1809 829 1891 μέλαινανι.
880 1807 955 1884 πῶς
990 1792 1052 1872 οὖν
1088 1795 1403 1890 ἀντιδημιουργοῦσι
1438 1806 1489 1888 τῷ
1522 1805 1606 1889 θεῷ,
1626 1813 1689 1878 17,1

297 1907 427 1991 μᾶλλον
454 1908 490 1973 δέ
517 1899 730 1974 ἀντικεῖσθαι
754 1897 929 1987 βιάζονται
956 1903 988 1972 σί
1015 1899 1115 1973 ἄθεοι
1136 1899 1201 1990 τὴν
1222 1895 1283 1970 ἀπ’
1305 1895 1413 1971 αύτού
1434 1911 1606 1972 πεπολιαι-
1739 1903 1740 1918 Ι

247 2023 280 2075 15
297 2008 403 2091 μένην
424 1999 748 2090 παραχαράττοντες
771 2008 883 2089 τρίχα,·
908 2005 1095 2087 »στέφανος
1117 2007 1153 2073 δὲ
1175 1998 1351 2088 γερόντων
1370 2007 1605 2086 πολυπειρίαι,

299 2108 402 2190 φησίν
425 2100 445 2192 ἦ
464 2099 586 2192 γραφή,
608 2108 664 2172 καὶ
678 2106 743 2173 τοῦ
756 2100 946 2188 προσώπου
960 2097 1079 2172 αὐτῶν
1094 2096 1115 2188 ἡ
1129 2097 1235 2172 πολιὰ
1249 2097 1359 2180 ἀνθσς
1373 2107 1606 2186 πολυπειρίας·
1739 2105 1740 2188 Ι

298 2205 332 2271 οἳ
358 2206 394 2271 δέ
423 2207 464 2273 τό
492 2212 669 2290 πρεσβεῖον
696 2205 757 2289 τῆς
785 2197 923 2288 ἡλικίας,
956 2197 1019 2270 τόν
1046 2203 1176 2284 πολιέα,
1208 2197 1497 2286 καταισχύνουσιν.
1547 2195 1607 2270 ούκ
1739 2211 1740 2216 ’

298 2305 390 2371 ἔστιν
421 2307 465 2386 δέ,
497 2299 558 2375 οόκ
581 2305 672 2372 ἐστιν
694 2296 866 2388 ἀληθινὴν
897 2297 1105 2371 ἐνδεικνύναι
1127 2298 1192 2388 τὴν
1217 2296 1328 2386 ψυχὴν
1355 2295 1419 2370 τόν
1446 2303 1606 2387 κίβδηλον

298 2403 421 2488 έχοντα
435 2397 598 2489 κεφαλήν.
635 2397 742 2490 »ὑμεῖς
756 2404 792 2470 δὲ
808 2395 868 2488 ούχ
883 2393 1026 2483 οότωςι,
1049 2407 1161 2488 φησίν,
1187 2394 1349 2487 »ἐμάθετε
1365 2395 1428 2469 τὸν
1445 2395 1605 2485 Χριστόν,
1624 2410 1641 2462 2
1739 2431 1740 2434 “

247 2518 281 2572 20
299 2503 328 2568 εί
349 2527 385 2588 γε
408 2496 513 2570 αύτὸν
535 2497 701 2590 η’κούσατε
722 2507 777 2570 καί
799 2503 836 2569 ἐν
855 2495 948 2590 αύτῷ
972 2496 1182 2588 ἐδιδάχθητε,
1204 2497 1323 2581 καθώς
1345 2501 1438 2568 ἐστιν
1461 2495 1606 2586 ἀλήθεια

298 2604 334 2669 ἐν
362 2605 413 2688 τῷ
434 2595 550 2688 Ἰησοῦ,
578 2593 773 2670 ἀποθέσθαι
799 2596 883 2688 ἀμᾶς
909 2597 995 2670 κατὰ
1019 2598 1082 2688 τὴν
1104 2605 1276 2688 προτέραν
1298 2593 1521 2687 ἀναστροφὴν
1545 2598 1607 2670 τόν

297 2697 446 2771 παλαιόν
473 2698 697 2787 ἀνθρωπονι,
725 2695 766 2772 ού
793 2697 856 2770 τὸν
881 2696 1014 2782 πολιόν,
1042 2694 1129 2771 ἀλλά
1159 2696 1239 2770 »τόν
1265 2695 1495 2786 φθειρόμενον
1520 2697 1607 2770 κατά

299 2797 359 2882 τάς
381 2803 561 2889 ἐπιθυμίας
583 2803 644 2888 τῆς
667 2794 812 2886 ἀπάτης·
839 2793 1067 2869 ἀνανεοῦσθαι
1082 2804 1148 2882 δέι,
1170 2795 1215 2886 μὴ
1229 2808 1352 2884 βαφαῖς
1365 2802 1421 2866 καὶ
1435 2805 1607 2869 καλλωπί-

298 2922 426 2986 σμασιν,
448 2894 534 2970 ἀλλὰ
550 2903 618 2988 »τῷ
634 2897 801 2987 πνεύματι
820 2903 882 2968 τοῦ
898 2894 974 2980 νοός
989 2895 1086 2985 ἀμῶν
1107 2903 1163 2968 καὶ
1178 2895 1381 2970 ἐνδύσασθαι
1403 2894 1466 2967 τόν
1488 2896 1607 2970 καινὸν

246 3015 279 3068 ‘25
299 2997 492 3087 ἄνθρωπον
515 2998 578 3070 τὸν
598 2996 685 3069 κατά
708 2995 793 3069 θεόν
814 3003 1002 3068 κτισθέντα
1025 3002 1061 3068 ἐν
1083 2995 1278 3085 δικαιοσύνη
1300 3004 1356 3067 καὶ
1371 2991 1525 3084 ὁσιότητι
1545 3004 1606 3086 τῆς

298 3093 484 3187 ἀληθείας.«
531 3098 638 3185 ἀνδρα
664 3102 700 3167 δὲ
727 3090 812 3168 όντα
833 3104 1044 3183 κτενίζεσθαι
1066 3103 1121 3168 καί
1143 3092 1384 3184 ἀποκείρεσθαι
1405 3103 1496 3186 ξυρῷ
1520 3096 1640 3184 πρός3

298 3195 501 3288 εὐπρέπειαν
522 3206 578 3269 καί
601 3195 687 3285 πρὸς
710 3196 750 3268 τὸ
774 3198 943 3282 ἔσοπτρον
965 3201 1203 3286 διατιθέμενον
1225 3195 1286 3279 τὰς
1308 3203 1424 3320 τρίχας
1445 3193 1607 3284 ξύρεσθαί

299 3327 334 3368 τε
361 3304 417 3370 καί
444 3294 692 3370 ἀποτίλλεσθαι
716 3303 772 3366 καὶ
799 3302 992 3368 λεαίνεσθαι
1019 3294 1080 3380 τὰς
1109 3303 1206 3386 γένυς
1234 3303 1311 3380 πῶς
1339 3293 1379 3368 ού
1400 3315 1607 3384 γυναικεῖον,·

297 3405 353 3467 καί
380 3404 408 3468 εί
433 3395 478 3487 μή
505 3426 558 3479 τις
584 3392 709 3477 αύτούς
735 3394 881 3485 γυμνοὺς
906 3399 981 3479 ἴδοι,
1007 3395 1073 3466 κάν
1096 3414 1254 3498 γυναῖκας
1275 3393 1451 3482 ἀπολάβοι.
1494 3402 1523 3466 εί
1544 3396 1640 3484 γάρ4

246 3510 280 3564 30
298 3495 342 3584 μὴ
364 3515 588 3585 χρυσοφορεῖν
608 3502 664 3565 καὶ
687 3491 803 3576 αύτοῖς
824 3499 963 3582 ἐφεῖται,
988 3491 1062 3567 ἀλλ’
1087 3499 1150 3567 οὐν
1173 3523 1208 3584 γε
1230 3495 1284 3568 διά
1305 3497 1371 3586 τὴν
1386 3496 1605 3585 θηλυδριωδη

299 3600 481 3684 ἐπιθυμίαν
512 3593 654 3686 ἱμάντας
684 3603 739 3666 καὶ
770 3595 912 3713 λαίματα
936 3603 1076 3682 χρυσίου
1101 3594 1370 3683 περιπτύξαντες
1397 3591 1560 3679 πετάλοις
1587 3592 1607 3684 ἦ

298 3723 376 3766 τινα
404 3695 562 3783 σφαιρικὰ
590 3700 651 3784 τῆς
679 3692 782 3784 αὐτῆς
809 3687 890 3782 ύλης
917 3691 1140 3784 ποιησάμενοι
1162 3692 1316 3785 σχήματα
1337 3701 1479 3784 σφυρῶν
1501 3691 1609 3784 ἀπαρ

383 3899 427 3955 82
442 3896 497 3968 vgl.
511 3919 532 3953 τ.
546 3899 576 3953 Β.
589 3897 701 3954 Ατίείοί.
715 3898 785 3955 Hist.
798 3916 841 3952 an.
855 3897 878 3950 V
892 3902 924 3953 17
936 3915 962 3968 p.
976 3900 1046 3955 5491)
1059 3899 1137 3954 26-
1151 3899 1214 3956 102
1229 3899 1297 3954 Dan.
1311 3901 1336 3966 7,
1348 3901 1364 3956 9
1381 3929 1415 3939 -
1434 3898 1608 3956 l2rMatth.

298 3987 322 4050 5,
340 3986 373 4040 36
391 4013 424 4022 -
444 3984 482 4040 15
500 3982 550 4037 Sir.
569 3986 610 4050 25,
628 3986 645 4038 6
662 4013 695 4022 -
716 3983 829 4042 19-26
847 3981 945 4053 Ephes.
964 3987 988 4050 4,
1007 3984 1108 4039 20-24

384 4136 399 4190 l
427 4135 476 4190 καί
492 4135 636 4206 χρίσματα
648 4153 684 4182 ω
696 4133 767 4188 nach
787 4133 967 4201 ξανθίσματα
985 4133 1033 4188 Ma
1047 4134 1052 4200 Ι
1068 4133 1086 4187 2
1113 4131 1180 4199 τοὺς
1198 4131 1411 4203 διακτενισμοδς
1429 4134 1465 4202 Sy
1481 4141 1534 4190 τοῦ
1551 4137 1607 4190 δια.

297 4226 450 4288 κτενισμοῦ
462 4218 485 4272 Ρ
499 4223 504 4286 Ι
518 4220 556 4275 θῖ
571 4217 779 4275 ἀπεκδύσεσθαι
792 4217 885 4282 Cobet,
906 4217 1038 4272 Mnemon.
1051 4223 1082 4272 11
1097 4219 1184 4288 (1862)
1197 4235 1222 4288 p.
1235 4219 1286 4274 393
1301 4221 1306 4287 Ι
1320 4221 1339 4274 4
1360 4219 1422 4287 (καί
1438 4220 1498 4286 τοι)
1516 4217 1545 4275 εί
1559 4221 1609 4274 καί

297 4305 388 4372 Ηεγεε
405 4301 433 4360 εί
449 4302 505 4372 <δέ>
523 4305 573 4358 καί
590 4305 637 4357 Ma
656 4298 712 4370 <οἳ>
731 4299 758 4358 εί
773 4303 822 4358 καί
839 4301 949 4357 Μθατεί
972 4304 976 4370 Ι
1003 4303 1017 4358 7
1047 4301 1170 4376 γέροντα
1189 4303 1224 4356 Di
1246 4293 1358 4376 γέροντ’
1375 4299 1411 4359 ἂν
1428 4303 1450 4357 Ρ
1465 4305 1470 4371 Ι
1485 4301 1608 4376 γέροντα

298 4384 515 4456 (ἀναίνεσθαι).
533 4429 539 4442 .
558 4428 566 4442 .
584 4430 592 4443 .
609 4385 781 4456 δυνάμενον;
807 4387 854 4440 Ma
879 4389 882 4455 Ι
902 4388 921 4443 8
949 4385 1010 4456 (τὸ)
1035 4385 1116 4452 τέλος
1133 4387 1154 4441 F
1169 4388 1208 4457 Ιθ
1227 4383 1322 4454 ἀιδίως
1338 4389 1404 4456 Mal
1421 4389 1460 4444 1⁰
1477 4392 1609 4445 παλαιῶν

297 4472 318 4525 F
334 4473 338 4536 Ι
355 4473 390 4527 12
409 4466 504 4541 ἀλλος]
523 4465 678 4544 ἀνθρωπος
690 4471 837 4526 Markland
852 4473 856 4539 Ι
874 4472 909 4527 12
930 4475 1080 4543 πρεσβεῖον
1094 4471 1130 4524 1³³
1146 4470 1282 4545 πρέσβισν
1294 4472 1331 4526 Ρ*
1347 4474 1351 4541 Ι
1365 4475 1416 4542 τὴν
1434 4471 1538 4529 πσλιάν
1557 4475 1608 4544 St!

299 4557 336 4611 19
356 4555 480 4623 φασίνθ
503 4557 508 4623 Ι
533 4557 572 4612 28
591 4552 767 4612 ἀνανεοῦσθε
786 4556 821 4610 1³³
845 4559 849 4625 Ι
874 4557 914 4612 24
940 4553 1113 4612 ἐνδύσασθαι
1131 4555 1227 4627 Ερίιεε.
1248 4555 1403 4614 ἐνδύσασθε
1421 4558 1443 4611 Ρ
1458 4560 1462 4626 Ι
1479 4557 1518 4614 22
1537 4555 1608 4615 ἀπο·

297 4641 444 4712 κείρεσθαι
462 4639 497 4708 Sy
516 4636 729 4707 ἀποκείρασθαι
748 4641 769 4694 Ρ
785 4641 789 4706 Ι
805 4641 841 4695 21
863 4639 1081 4712 περιπτύξαντες
1100 4643 1139 4710 Ιες
1157 4641 1185 4694 in
1203 4643 1277 4709 Βαε.)
1296 4643 1330 4696 1³¹
