3520 5480
321 409 381 472 278
907 401 1038 456 Clemens.

319 571 441 654 μηδίαν
468 565 549 636 ἀνευ
575 561 699 652 βλάβης
734 562 937 653 κτήσασθαι·
989 569 1050 652 τῆς
1081 568 1116 633 δὲ
1147 559 1290 634 ἑκάστου
1321 568 1394 630 τῶν
1425 558 1630 649 ἀνθρώπων

321 672 470 750 διανοίας
491 671 624 754 μίμησίς
645 667 738 734 ἐστιν
759 659 780 750 ἡ
802 669 864 733 τοῦ
885 670 961 747 βίου
983 671 1182 750 προαίρεσις.
1208 657 1294 744 ἀλλ’,
1317 659 1366 742 οός
1386 665 1506 744 ἔοικεν,
1527 659 1660 750 μόναι3

320 765 353 835 αί
374 764 457 853 μετὰ
487 771 561 835 τῶν
592 760 735 852 ἀγαθῶν
766 760 903 848 ἀνδρῶν
933 769 1207 850 ουναναστροφαὶ
1238 758 1438 848 ιύφελοῦσιν.
1482 764 1629 850 ἔμπαλιν

319 870 403 951 γοῦν
433 862 497 953 τὴν
528 861 612 951 μετὰ
642 871 716 934 τῶν
748 860 892 948 φαύλων
923 866 1153 950 συνδιαίτησιν
1183 859 1386 949 ἀνθρώπων
1416 858 1511 949 ύοόδη
1544 890 1632 948 γνω-

285 967 424 1051 ορίζων
447 959 465 1034 ό
492 961 671 1049 πάνσοφος
694 961 748 1033 διὰ
775 969 949 1044 Μωυσέως
970 959 1186 1050 παιδαγωγὸς
1206 969 1366 1050 χοιρείων
1396 956 1632 1050 ἀπηγόρευσεν

318 1059 585 1151 μεταλαμβάνειν
607 1070 657 1152 τῷ
680 1069 754 1152 λαῷ
773 1068 824 1150 τῷ
839 1067 1065 1150 πρεσβυτέρῳ,
1088 1065 1266 1150 ἐμφαίνων
1287 1059 1332 1149 μὴ
1355 1066 1424 1131 δεῖν
1447 1061 1530 1142 τούς
1546 1061 1632 1131 θεὸν

318 1165 571 1251 ἐπιβοωμένους
602 1159 812 1248 ἀκαθάρτοις
843 1157 1089 1250 ἀναμίγνυσθαι
1120 1157 1334 1248 ἀνθρώποις,
1364 1163 1398 1230 οἳ
1427 1166 1526 1248 δίκην
1557 1157 1632 1232 ύῶν

319 1257 456 1351 ἡδοναῖς
478 1280 683 1350 σωματικαῖς
704 1267 760 1331 καί
787 1266 970 1344 δεισαλέαις
1000 1279 1144 1347 τροφαῖς
1166 1267 1221 1330 καί
1251 1269 1488 1350 γαργαλισμοῖς
1507 1269 1513 1343 Ι
1533 1255 1630 1330 ἀοελ-
1646 1282 1710 1339 w

318 1367 389 1450 γέσι
424 1369 653 1448 κνηστιῶντες
686 1358 773 1447 πρὸς
809 1356 998 1449 ἀφροδίτην
1032 1356 1248 1448 κακόχαρτον
1283 1357 1410 1449 ἡδονὴν
1442 1367 1630 1448 χαίρουσιν.

268 1479 301 1533 10
318 1457 397 1531 ἀλλ’
420 1455 494 1530 οὐδ’
520 1464 650 1531 »ίκτινα
671 1455 693 1549 ἢ
715 1457 916 1546 αἰκύπτερον
942 1466 1144 1550 μαστοφαγῆ
1171 1455 1192 1548 ἢ
1214 1459 1346 1530 αἰετὸν(
1372 1475 1492 1547 φαγεῖν
1514 1481 1659 1546 φησινί

319 1556 381 1630 ούκ
402 1563 534 1648 ἐγγιεῑς,
557 1567 675 1648 λέγων,
697 1577 770 1641 τοῖς
792 1555 833 1629 δι’
858 1555 1010 1650 ἁρπαγῆς
1032 1557 1096 1630 τὸν
1117 1567 1193 1645 βίον
1214 1565 1461 1647 ποριζομένοιςέ
1504 1567 1562 1628 καὶ
1586 1557 1628 1629 τὰ

319 1658 405 1730 ἀλλα
428 1665 462 1731 δὲ
486 1655 612 1748 ὁμοίως
635 1655 881 1747 ἀλληγορεῑται.
925 1667 1012 1730 τίσιν
1043 1652 1105 1732 σύν
1128 1665 1341 1742 οἰκειωτέον,·
1370 1677 1443 1739 τοις
1475 1665 1628 1742 δικαίοις,
1646 1671 1697 1732 111

316 1756 423 1830 πάλιν
446 1756 649 1848 ἀλληγορῶν
672 1783 783 1848 φησιν.
825 1765 896 1830 πᾶν
917 1760 979 1846 γὰρ
1005 1765 1183 1848 »διχηλοῦν
1204 1765 1260 1828 καὶ
1281 1758 1544 1848 μαρυκοόμενονι
1571 1789 1627 1828 τια-

316 1855 428 1946 θαρύν
451 1863 553 1941 ἐστιν,
577 1853 694 1929 ὅτιτὸ
717 1864 876 1946 διχηλοῦν
907 1858 1123 1948 δικαιοσύνην
1153 1863 1306 1946 ἐμφαίνει
1337 1857 1401 1947 τὴν
1430 1857 1628 1930 ἰσοστάσιον
1736 1897 1737 1922 ι

266 1977 298 2029 15
315 1956 571 2047 μηρυκάζουσαν
595 1956 658 2047 τὴν
681 1960 808 2029 οἰκείαν
831 1957 1043 2047 δικαιοσύνης
1065 1955 1209 2046 τροφήν,
1241 1955 1431 2046 τὸνλόγον
1461 1959 1628 2030 ἔκτοσθεν
1736 1947 1737 1962 ’

316 2064 377 2147 μὲν
411 2055 560 2129 εἰσιόντα
590 2056 677 2128 κατὰ
710 2053 818 2128 ταύτὰ
848 2065 891 2146 τῇ
922 2065 1034 2146 τροφῇ
1071 2057 1126 2128 διὰ
1160 2054 1385 2146 κατηχήσεως,
1417 2059 1563 2128 ἔνδοθεν
1593 2063 1627 2128 δὲ

316 2153 603 2246 ἀναπεμπόμενον
626 2154 740 2244 ὥσπερ
760 2159 797 2226 ἐκ
812 2164 943 2238 κοιλίας
957 2163 1018 2247 τῆς
1033 2162 1183 2238 διανοίας
1205 2162 1252 2238 εἰς
1274 2153 1460 2246 ἀνάμνησιν
1475 2154 1625 2246 λογικήν.
1736 2231 1737 2234 ¹

315 2255 494 2346 μηρυκάζει
509 2262 544 2326 δὲ
560 2251 579 2327 ό
595 2262 722 2336 δίκαιος
737 2255 802 2345 τὴν
823 2255 1053 2345 πνευματικὴν
1075 2255 1210 2345 τροφὴν
1233 2253 1298 2328 άνά
1321 2254 1428 2345 στόμα
1451 2260 1540 2344 ἔχων
1564 2255 1656 2327 τὸν2

240 2413 248 2424 ,
317 2352 430 2444 λόγον,
453 2363 507 2425 καί
529 2359 658 2442 διχηλεῑ
678 2351 697 2444 ἡ
721 2354 915 2444 δικαιοσύνη
934 2352 1085 2437 εἰκότως,
1108 2353 1288 2426 κάνταῦθα
1303 2351 1483 2444 άγιάζουσα
1506 2365 1562 2426 καὶ
1581 2363 1624 2438 εἰς

265 2469 298 2525 20
317 2453 380 2525 τὸν
402 2462 573 2543 μέλλοντα
594 2459 865 2542 παραπέμπουσα
887 2461 1005 2526 αἰῶνα.
1310 2473 1311 2476 ’

403 2551 535 2625 Ούκοῦν
558 2549 636 2626 ούδὲ
657 2558 713 2624 ἐπί
735 2553 796 2636 τάς
819 2561 901 2636 θέας
924 2549 942 2624 ὁ
964 2552 1181 2642 παιδαγωγὸς
1204 2553 1273 2641 ἀξει
1304 2552 1398 2644 ἡμᾶς,
1430 2551 1509 2627 ούδε
1532 2553 1654 2627 ἄπει-3

315 2649 428 2736 κότως
458 2652 501 2724 τά
528 2650 647 2724 στάδια
669 2661 721 2723 καί
747 2651 789 2724 τά
812 2659 943 2742 θέατρα
976 2659 1165 2742 »καθέδραν
1188 2661 1336 2742 λοιμῶν(
1361 2663 1543 2738 προσείποι
1574 2687 1624 2738 τις
1736 2661 1737 2716 T

316 2752 370 2824 ἀν·
417 2751 556 2842 »βουλὴι
582 2751 644 2840 γὰρ
665 2749 845 2824 κάνταῦθα
860 2752 995 2842 πονηρὰ
1012 2749 1169 2840 καθάπερ
1192 2761 1247 2823 καὶ
1269 2759 1325 2825 ἐπὶ
1344 2761 1394 2842 τῷ
1419 2762 1549 2845 δικαίῳ,
1573 2755 1622 2826 διὸ
1736 2791 1737 2816 ³

315 2858 505 2940 καταρᾶται
527 2847 546 2922 ά
569 2848 625 2923 ἐπ’
659 2850 752 2942 αύτῷ
785 2852 954 2940 σύλλογος.
1006 2850 1202 2938 πεπληθασι
1228 2859 1310 2941 γοῦν
1332 2860 1463 2942 πολλῆς
1487 2853 1654 2942 ἀταξίας4

264 2960 370 3023 25καί
392 2959 603 3041 παρανομίας
626 2955 660 3023 αἱ
683 2958 873 3041 συναγωγαὶ
895 2943 1003 3036 αὗται,
1034 2959 1091 3022 καί
1120 2955 1152 3023 αἱ
1174 2951 1362 3042 προφάσεις
1393 2960 1453 3043 τῆς
1484 2955 1623 3044 συνηλά-

315 3079 401 3135 οεως
424 3049 584 3140 ἀκοσμίας
606 3055 699 3123 ἐστὶν
721 3057 811 3122 αἰτία
834 3047 953 3139 ἀναμίξ
986 3047 1199 3139 ἀνδρῶνκαὶ
1231 3061 1402 3142 γυναικῶν
1433 3051 1625 3126 συνιόντων

315 3156 370 3223 ἐπὶ
392 3151 457 3239 τὴν
489 3147 651 3240 ἀλλήλων
682 3157 776 3222 θέαν.
823 3155 975 3221 ἐνταῦθα
1005 3149 1067 3240 ἤδη
1098 3151 1338 3238 περπερεύεται
1368 3151 1409 3224 τὸ
1440 3160 1622 3242 συνέδριον.
1641 3169 1697 3228 w

315 3249 529 3340 λιχνευούοης
551 3251 614 3339 γάρ
637 3257 698 3339 τῆς
721 3246 835 3337 ὄψεως
856 3259 1069 3341 χλιαίνονται
1101 3255 1133 3321 αί
1156 3245 1290 3337 ὀρέξεις,
1322 3259 1376 3322 καὶ
1410 3256 1623 3342 ἰταμώτερον

314 3358 452 3434 βλέπειν
475 3353 507 3420 σί
530 3345 706 3437 ὀφθαλμοὶ
728 3350 814 3438 πρὸς
836 3351 917 3433 τούς
937 3358 1083 3440 πλησίον
1106 3349 1297 3439 ἐθιζόμενοι
1319 3359 1372 3442 τῷ
1389 3354 1475 3440 ἔχειν
1497 3355 1623 3443 σχολὴν

263 3462 298 3516 30
315 3453 494 3537 ἐφειμένην
515 3453 714 3536 ἐκφλέγουσι
736 3449 797 3534 τὰς
819 3448 984 3538 ἐρωτικὰς
1011 3455 1197 3540 ἐπιθυμίας.
1240 3447 1463 3539 ἀπειρὴσθων
1484 3445 1549 3523 ούν
1570 3461 1656 3524 καὶθ

315 3552 348 3619 αί
380 3554 457 3619 θέαι
486 3554 542 3618 καὶ
573 3549 616 3619 τά
647 3546 844 3639 ἀκροάματα
874 3559 1086 3638 βωμολοχίας
1121 3556 1176 3620 καὶ
1215 3561 1460 3641 σπερμολογίας
1494 3559 1625 3642 πολλῆς

314 3655 469 3737 γέμοντα.
515 3655 548 3717 τί
569 3655 631 3738 μὲν
652 3648 715 3737 γὰρ
738 3646 798 3720 ούκ
821 3653 1069 3721 ἐπιδείκνυνται
1091 3647 1227 3739 αἰσχρὸν
1260 3653 1359 3738 ἔργον
1380 3653 1418 3721 ἐν
1448 3649 1625 3742 θεάτροις;

400 3837 492 3893 ο-ιε
513 3837 775 3906 vgl.s·trom.1167;
793 3838 817 3890 v
836 3838 935 3901 51.52;
954 3837 1067 3893 vn109
1085 3869 1118 3876 -
1137 3838 1180 3894 ει
1194 3837 1249 3906 vgl.
1268 3837 1330 3892 hev.
1351 3842 1390 3902 11,
1404 3841 1432 3902 ι,
1450 3837 1530 3894 Dent.
1551 3843 1626 3907 ιςε

314 3951 346 3960 -
365 3921 437 3976 6-9
456 3921 511 3991 vgl.
530 3922 648 3976 Barnab.
661 3922 710 3992 Ep.
729 3925 769 3986 10,
788 3925 803 3976 3
822 3921 854 3977 τὸ
883 3915 934 3977 οὖν
950 3922 1062 3993 χοιρίον
1079 3919 1153 3989 πρὸς
1169 3929 1254 3978 τοῦτο
1273 3915 1364 3978 εἶπεν·
1401 3919 1435 3978 οἰ
1452 3927 1624 3994 κολληθήση,

314 4007 407 4076 φησίν,
425 4001 592 4078 ἀνθρώποις
609 4005 756 4072 τοιούτοις,
776 4002 877 4072 οίτινές
895 4003 965 4062 εἰσιν
984 4001 1080 4074 ίίμοιοι
1096 4007 1212 4074 χοίρων.
1236 4005 1334 4060 Νοναί.
1352 4006 1394 4063 Do
1412 4007 1464 4061 cib.
1481 4007 1546 4062 Jud.
1565 4012 1625 4064 3-

315 4092 353 4147 10
372 4090 428 4160 vgl.
446 4091 509 4146 Lov.
531 4091 881 4158 11‚13.14;Deut.14‚12
899 4121 933 4130 -
952 4091 1065 4146 10-12
1084 4090 1141 4159 vgl.
1159 4090 1278 4146 Barnab.
1297 4089 1347 4162 Ep.
1367 4092 1407 4156 10,
1424 4094 1441 4145 4
1459 4121 1492 4130 -
1513 4094 1552 4148 13
1570 4094 1624 4163 vgl.

314 4173 376 4229 Lev.
396 4178 436 4242 11,
455 4177 483 4237 3;
501 4174 580 4230 Deut.
600 4180 640 4238 14,
659 4178 726 4231 6-
746 4176 861 4231 14-20
880 4175 935 4246 vgl.
953 4175 1071 4230 Bamab.
1092 4173 1140 4245 Ep.
1160 4177 1201 4241 10,
1220 4176 1251 4229 11
1270 4205 1303 4214 -
1323 4176 1437 4233 21428
1456 4177 1512 4246 vgl.
1525 4178 1624 4233 Strom.

314 4259 384 4314 1168
401 4258 1317 4330 -221νρί.Ρεα1.1,1-261νρΙ.Οιὶ(ἰ.Δτε.οωολ[99

397 4427 436 4482 23
455 4428 561 4497 δικαίῳΙ
581 4427 750 4502 δικαστηρίῳ
769 4434 857 4484 Anon.
880 4429 925 4512 bpi
944 4427 1088 4490 Villoison‚
1111 4427 1200 4498 Epist.
1220 4428 1314 4484 Vinar.
1333 4431 1365 4484 94
1382 4433 1385 4496 Ι
1402 4429 1443 4484 24
1460 4427 1624 4500 κατάρατος

314 4513 360 4564 Ma
384 4513 388 4580 Ι
412 4509 528 4577 ἀταξίας
546 4513 581 4581 Sy
608 4509 759 4580 ἀμιξίαςΡ
783 4516 787 4578 Ι
812 4512 848 4567 25
874 4516 957 4567 αύται
983 4514 1023 4580 Ιαι
1046 4512 1075 4566 in
1093 4514 1165 4581 Rae.)
1183 4514 1217 4566 P¹
1242 4515 1247 4580 Ι
1272 4515 1311 4570 26
1339 4511 1411 4569 εἰσίν
1428 4509 1516 4570 αἴτιαι
1534 4515 1623 4568 Mark-

313 4597 380 4650 land
395 4601 400 4664 Ι
416 4597 455 4652 30
473 4591 641 4665 ἐκφλέγσνσι
660 4597 695 4664 Sy
713 4594 900 4666 ἐκφλέγουσαι
919 4597 940 4650 Ρ
