3510 5474
884 425 1017 481 Clemens.

485 595 628 672 κιθῶνα,
648 585 834 678 βάραθρον,
857 589 1031 675 ἔγκυκλον,
1053 587 1225 676 χιτώνιον.

484 687 528 758 τὰ
545 694 684 777 μέγιστα
706 684 735 758 δ’
759 683 820 758 σύκ
843 692 958 776 εἴρηκα
979 685 1125 758 τούτων.
1171 694 1209 758 B.
1232 688 1304 758 είτα
1328 696 1376 772 τί;

426 794 464 858 Α,
488 783 617 869 διόπας.
640 784 809 869 διάλιθον,
832 784 997 874 πλάστρα,
1020 783 1192 875 μολόχιον,
1215 783 1347 874 βότρυς,

484 893 645 976 χλίδωνα,
667 883 824 976 περόνας,
848 883 1019 974 ἀμφιδέας,
1039 892 1043 972 ί
1064 881 1198 975 ὅρμους,
1220 893 1334 972 πέδας,

484 993 679 1076 σφραγῖδας,
695 983 835 1070 άλύσεις,
855 993 860 1074 1
879 991 1089 1070 δακτυλίους,
1111 983 1390 1077 καταπλάσματα,

484 1083 715 1178 πομφόλυγας,
738 1084 956 1174 άποδέσμσυς,
978 1079 1144 1168 όλίσβους,
1167 1081 1295 1174 σάρδια,

484 1185 692 1275 ύποδερίδας,
716 1185 899 1274 ἑλικτῆρας.

295 1321 361 1407 ἐγώ
392 1327 452 1410 μὲν
482 1323 608 1407 ἐκαμσν
637 1327 694 1390 καί
725 1319 871 1409 άχθσμαι
895 1324 1005 1409 λέγων
1033 1317 1073 1390 τό
1096 1323 1231 1407 πλῆθος
1254 1326 1327 1389 τῶν
1348 1329 1511 1408 κοσμίων,
1544 1321 1639 1403 τὰς3

294 1425 330 1490 δὲ
360 1427 417 1492 καί
448 1417 632 1541 θαυμάζειν
662 1421 766 1491 ἔπεισί
774 1447 863 1537 ’μσς
896 1414 943 1499 αίς
974 1416 1039 1506 ἄρα
1070 1413 1132 1489 ούκ
1154 1412 1402 1490 άπσκναίονται
1433 1426 1606 1493 τοσοῦτον

245 1533 277 1588 10
295 1518 402 1608 ἄχθος
423 1517 653 1606 βαστάζουσαι.
696 1511 725 1588 6
748 1524 809 1609 τῆς
830 1523 931 1608 κενῆς
952 1515 1293 1607 πολυπραγμοσύνης,
1324 1510 1353 1588 6
1376 1524 1437 1608 τῆς
1459 1529 1604 1609 ματαίας
1624 1529 1696 1588 1251

295 1623 508 1738 δοξομανίας·
551 1621 760 1708 ἐκχέουσιν“
750 1624 929 1706 εταιρικῶς
952 1615 1014 1688 τὸν
1045 1623 1200 1688 πλοῦτον
1221 1623 1268 1700 είς
1290 1611 1430 1702 ὄνειδος.
1460 1628 1518 1691 καί
1541 1627 1604 1692 τοῦ

295 1715 378 1788 θεοῦ
401 1715 442 1788 τὰ
465 1716 651 1809 δωρήματα
674 1715 896 1810 ἀπειροκαλίᾳ
918 1715 1216 1805 παραχαράττουσι
1239 1723 1398 1805 ζηλοῦσαι
1420 1725 1603 1808 τοῦπονη-

293 1822 356 1904 ρσύ
377 1815 441 1906 τὴν
464 1825 593 1908 τέχνην.
636 1825 755 1906 σαφῶς
777 1811 853 1887 6‘
835 1846 854 1887 υ
876 1813 990 1901 κύριος
1012 1817 1050 1885 ἐν
1072 1822 1123 1906 τῷ
1128 1812 1328 1986 εύὲαγγελίῳ
1350 1815 1414 1888 τόν
1436 1817 1635 1892 πλούσιον.
1620 1831 1636 1866 ²

295 1915 357 1988 τόν
378 1923 680 2008 θησαυρίζοντα’
652 1948 698 2000 εις
720 1915 780 1998 τὰς
803 1913 982 2005 ἀποθήκας
1003 1922 1058 1985 καὶ
1074 1913 1160 2004 πρός
1176 1913 1298 1987 ἑαυτὸν
1313 1923 1537 2004 λέγονταέ
1502 1949 1516 1982 ι
1536 1947 1603 2008 χεις

244 2031 275 2085 15
294 2013 407 2105 άγαθά
437 2017 550 2089 πολλὰ
582 2011 787 2105 ἀποκείμενα
818 2021 863 2098 είς
894 2020 952 2104 ἐτη
983 2011 1107 2087 πολλά·
1148 2013 1247 2103 φάγε,
1282 2023 1351 2100 πίε,
1387 2013 1603 2107 εύφραίνουι,
1735 2027 1736 2102 ί

294 2114 431 2204 ἀφρσνα
445 2123 617 2208 κέκληκεν,
644 2115 768 2204 »ταύτη
784 2115 846 2205 γάρ
863 2123 905 2203 τῇ
921 2121 1019 2184 νυκτί
1034 2111 1099 2202 τὴν
1121 2111 1231 2204 φυγήν
1246 2138 1307 2186 σου
1321 2113 1602 2206 παραλαμβάνου-

294 2238 358 2285 σιν
402 2213 423 2286 6
446 2209 508 2288 σύν
530 2152 725 2307 ἡτοίμασας,
758 2223 851 2298 τίνος
883 2220 1051 2303 γένηται,·ι
1085 2208 1287 2303 Ἀπελλῆς“
1268 2243 1287 2285 ο
1310 2213 1489 2305 ζωγράφος
1524 2228 1602 2288 θεα-
1620 2235 1637 2286 3

293 2311 436 2434 σάμενός
458 2345 535 2388 τινα
558 2323 630 2388 τῶν
652 2323 821 2405 μαθητῶν
832 2311 969 2402 Ἑλένην
991 2309 1156 2400 [ὀνόματι]
1178 2312 1393 2402 πολύχρυσον
1407 2313 1602 2402 γράψαντα

294 2404 322 2483 6
345 2411 529 2503 μειράκιον,
553 2417 654 2498 εἶπεν
676 2415 720 2505 μὴ
744 2411 927 2503 δυνάμενος
950 2410 1076 2502 γράψαι
1097 2412 1207 2502 καλην
1222 2422 1389 2486 πλουσίαν
1404 2425 1603 2505 πεποίηκας

242 2527 276 2582 20
293 2519 450 2585 τοιαῦται
472 2520 590 2587 τοίνυν
610 2510 738 2587 (Ελέναι
761 2518 793 2584 αί
817 2520 878 2584 νῦν
900 2518 961 2584 είσι
983 2530 1144 2600 γυναῖκες,
1167 2508 1209 2584 ού
1229 2521 1329 2583 καλαί
1352 2521 1512 2602 γνησίως,
1543 2544 1602 2586 πε-

293 2619 481 2702 πλασμέναι
504 2621 538 2687 δέ
561 2621 741 2697 πλουσίως.
784 2611 923 2695 ταύταις
953 2609 1163 2700 προφητεύει
1193 2609 1247 2683 διά
1274 2619 1337 2684 τού
1359 2621 1540 2699 Σοφονίου
1561 2614 1694 2686 τό1211,1

293 2717 434 2802 πνεῦμα·
482 2723 554 2785 »καὶ
585 2712 625 2786 τό
643 2710 827 2836 άρχύριον
839 2708 955 2782 αύτεόν
977 2716 1033 2780 καί
1055 2709 1096 2781 τό
1117 2719 1256 2800 χρυσίον
1280 2708 1396 2783 αύτῶν
1419 2709 1461 2786 ού
1480 2713 1526 2803 μὴ
1549 2712 1602 2784 δύ-

294 2839 392 2901 νηται
415 2817 588 2900 ἐξελέσθαι
611 2811 734 2896 αύτούς
756 2808 827 2885 ἐν
809 2817 912 2902 ημέρςι
929 2805 1031 2901 όργῆς
1041 2817 1188 2899 Ὗκυρίουι
1228 2829 1302 2893 ταῖς
1317 2807 1389 2882 δὲ(
1367 2810 1435 2884 υπό
1453 2819 1603 2902 Χριστοῦ

292 2918 627 3036 πατδαγαιγουμενιιις
658 2911 698 2984 ού
726 2919 851 3002 χρυσίῳ
882 2917 1081 2998 κοσμεῖσθαι
1111 2906 1282 2999 προσήκει,
1313 2906 1400 2982 άλλά
1422 2909 1601 3031 τῷλόγῳ,

242 3024 276 3081 2ο
294 3007 335 3081 δι
367 3003 407 3083 06
437 3010 546 3102 μόνου
574 3021 822 3100 καταφαίνεται
854 3009 894 3082 τὸ
925 3017 1071 3098 χρυσίον.
1113 3006 1273 3130 μακάριοι
1303 3007 1430 3100 μεντᾶν
1461 3001 1548 3100 ἦσαν
1570 3015 1635 3083 οἱα

292 3120 430 3186 παλαιοὶ
462 3121 536 3186 τῶν
556 3109 729 3202 Ἑβραίων,
763 3117 791 3183 εί
821 3104 1053 3198 περιελόμενοι
1086 3107 1149 3180 τόν
1178 3104 1307 3197 κόσμον
1334 3117 1408 3182 τῶν
1430 3118 1602 3198 γυναικῶν

293 3214 436 3301 ἐρριφαν
457 3209 478 3301 6
509 3213 697 3302 ἐχώνευσαν
728 3209 844 3302 μόνον,
875 3215 950 3280 νυνί
981 3214 1016 3279 δὲ
1048 3215 1094 3289 είς
1123 3213 1206 3294 βοῦν
1235 3206 1526 3298 χρυσοχοήσοντες
1547 3217 1600 3280 καὶ

292 3308 408 3400 τούτῳ
440 3309 796 3402 είδιυλολατρήσαντες
827 3306 924 3382 αύτοὶ
952 3314 1014 3395 μὲν
1045 3303 1107 3380 ούκ
1130 3309 1269 3380 ὤναντο
1297 3299 1377 3380 σύτε
1398 3313 1459 3398 τῆς
1481 3314 1601 3398 τέχνης

292 3403 371 3481 οὔτε
408 3418 469 3500 τῆς
499 3415 670 3501 ἐπιβολῆς
706 3415 860 3494 ἐδίδαξαν
891 3403 976 3479 δε
957 3413 1055 3497 ημῶν
1093 3405 1155 3490 τὰς
1186 3427 1346 3497 γυναῖκας
1378 3407 1600 3481 τυπικιύτατα

240 3523 275 3579 30
290 3518 443 3598 κοσμίων
466 3506 681 3600 ἀποσχέσθαι.
712 3509 753 3580 τό
772 3517 855 3599 γοῦν
873 3512 1161 3596 ἐκπορνεύσαν”
1118 3534 1181 3596 της
1195 3511 1375 3596 ἐπιθυμίας
1397 3512 1443 3590 είς
1460 3516 1634 3629 χρυσίσνθ

291 3614 437 3682 εἴδωλον
459 3618 586 3699 γίνεται
608 3608 872 3698 βασανιζόμενον
894 3614 989 3698 πυρί,
1014 3599 1042 3697 6
1065 3603 1160 3696 μόνῳ
1185 3625 1336 3696 τηρεῖται
1358 3607 1473 3696 τρυφὴ
1494 3604 1600 3678 καθά-

289 3737 353 3798 περ
376 3715 529 3794 εἴδωλον,
553 3705 614 3782 ούκ
636 3705 790 3797 ἀλήθεια.
833 3714 994 3780 ἐντεῦθεν
1017 3679 1192 3793 όνειδίζαν
1216 3701 1354 3795 σλογος
1369 3705 1422 3778 δια
1438 3736 1503 3779 του
1517 3735 1600 3796 προ

375 3847 469 3904 8-10
487 3848 542 3918 vgl.
556 3848 623 3902 CAF
639 3849 672 3900 ίΙί
687 3864 711 3918 p.
727 3847 773 3900 121
793 3876 825 3886 -
846 3847 955 3903 13-17
972 3845 1268 3915 vgl.Luk.12‚18—20
1279 3875 1312 3884 —
1326 3843 1391 3900 221
1405 3843 1523 3914 Zephan.
1535 3849 1557 3909 1,
1569 3851 1602 3900 18

290 3961 322 3970 —
341 3931 455 3989 25-28
474 3933 528 4003 vgl.
547 3930 633 3988 Exod.
652 3933 693 3996 32,
712 3935 778 3987 1-11

377 4036 391 4090 l
419 4042 526 4105 χιτῶνα
544 4035 614 4090 Ροίί.
639 4039 643 4102 Ι
666 4031 809 4104 χιτώνιον]
835 4028 1020 4104 κομμώτρισν
1046 4031 1236 4102 Jungemann
1261 4031 1473 4102 κσμμοιτρίδιον
1500 4030 1571 4085 Poll.
1594 4080 1597 4098 ,

291 4115 381 4174 206
402 4114 500 4191 εἴρηκα
527 4118 642 4176 τούτων.
679 4113 740 4175 εἶτα
758 4119 806 4188 τίς]
834 4114 868 4173 οδ
885 4115 975 4187 λέγεις
993 4113 1087 4172 αὐτῶν
1104 4107 1205 4180 ταέτά;
1233 4116 1260 4170 τί
1277 4115 1324 4170 δαί
1340 4113 1411 4169 ΡοΠ.
1430 4115 1485 4169 MS.
1505 4111 1601 4171 αὐτῶν

290 4199 324 4258 σύ
350 4202 441 4275 λέγεις
466 4206 558 4268 ταυτί;
584 4205 612 4260 τί
637 4207 694 4272 δαίς
722 4203 801 4258 Kock
824 4204 828 4272 Ι
853 4203 871 4258 11
898 4201 1038 4271 μσλδχιον
1063 4199 1085 4252 Ρ
1110 4195 1253 4267 μαλάκισν
1274 4197 1344 4254 Ροί1
1370 4197 1513 4268 μαλάχιον
1532 4199 1568 4254 Di
1594 4201 1598 4267 1

290 4287 334 4343 δέ
356 4287 467 4361 βότρυς,
484 4290 605 4361 χλίδωνα
625 4289 693 4345 Poll.
716 4289 927 4362 βοτρυχλιδοινα
945 4286 983 4339 Ρ*
1008 4285 1220 4356 βοτρυχλιδῶνα
1238 4284 1274 4337 Ρ3
1296 4285 1301 4351 Ι
1324 4283 1345 4339 4
1370 4279 1510 4354 ἀμφιδέας
1528 4283 1598 4340 Poll.

289 4367 429 4442 ἀμφιλέας
446 4374 468 4427 Ρ
483 4375 487 4441 1
505 4375 519 4430 1
541 4369 715 4443 ύπσθερίδας
732 4374 754 4427 Ρ
771 4367 919 4442 ύποδέρεις
935 4370 1006 4424 l'oll.
1031 4369 1035 4437 Ι
1059 4363 1208 4440 ἑλικτῆρας
1224 4367 1292 4424 Ρο11
1316 4364 1468 4442 ἐρυκτῆρας
1484 4367 1553 4423 ΡΜ*
1572 4370 1599 4438 (λ

288 4455 356 4511 θυαε
373 4475 389 4526 ρ
408 4457 450 4511 6³
465 4459 503 4527 Ιθ
523 4453 615 4514 ἔπεισί
631 4457 665 4511 Ρι
683 4454 766 4526 ἐπίση
784 4458 821 4512 Ρ*
841 4458 846 4524 l
870 4450 919 4525 ὡς]
937 4461 998 4519 πῶς
1015 4452 1102 4508 Cobet
1118 4453 1170 4508 480
1192 4455 1197 4520 1
1223 4454 1261 4508 1⁰
1278 4453 1417 4520 καινῆςΡ
1440 4453 1444 4521 l
1470 4453 1507 4510 11
1527 4453 1599 4508 nach

288 4537 433 4610 ἐκχέουσιν
451 4561 485 4597 w.
503 4559 526 4596 ε.
544 4542 599 4598 sch.
617 4543 666 4597 καὶ
684 4543 790 4597 αυετειδ.
809 4543 831 4596 Ρ
856 4544 860 4610 Ι
885 4542 923 4597 16
942 4533 1056 4610 ἄφρονα
1074 4538 1109 4591 P¹
1131 4531 1237 4610 ἄφρονι
1255 4536 1293 4591 P*
1308 4539 1312 4603 Ι
1330 4537 1368 4593 18
1386 4533 1529 4607 [ὀνόματι]
1548 4537 1599 4605 st}

289 4629 328 4684 29
348 4623 499 4698 ἐπιβουλῆς
517 4627 537 4679 F
552 4629 557 4694 1
573 4626 612 4682 30
630 4623 810 4698 ἀποσχέσθαι
829 4626 908 4680 Schw
926 4620 1107 4694 ἀπεσχῆσθαι
1125 4621 1148 4676 Ρ
1165 4619 1338 4692 ἀπεσχίσθαι
1356 4620 1376 4674 F
