3532 5470
296 421 315 482 6
884 415 1018 469 Clemens,

295 574 421 666 κόσμος
437 576 530 670 αύτῷ
547 576 691 670 ἁρμονία
706 585 854 669 γένηται·
870 585 925 646 καὶ
940 574 1121 648 θάλατταν
1135 574 1330 667 μένάνῆκεν
1340 584 1534 668 λελυμένην,
1550 587 1610 668 γῆς

297 683 333 747 δε
348 682 531 764 ἐπιβαίνειν
553 679 746 751 κεκώλυκεν
767 675 885 768 αύτήν,
909 683 972 766 γῆν
994 673 1023 746 δ’
1039 680 1182 766 ἔμπαλιν
1198 683 1401 765 ἐστερέωσεν
1417 686 1610 768 φερομένην

296 783 351 846 καὶ
373 771 456 866 ῦρον
478 775 586 869 αύτήν
607 782 731 869 ἔπηξεν
753 776 941 866 θαλάττης·
966 783 1020 848 ναὶ
1039 776 1107 864 μὴν
1128 783 1183 846 καί
1198 777 1306 866 πυρὸς
1317 773 1431 904 ὁρμήν
1445 776 1610 867 ἐμάλαξεν

297 871 424 965 ἀέρι,ο
406 881 510 949 οἱονεὶ
533 878 666 968 Δώριον
688 876 856 969 ἀρμονίαν
877 873 1019 996 κεράρας
1041 884 1168 966 Λυδίῳ·
1204 884 1259 948 καὶ
1287 877 1352 968 τήν
1375 875 1473 998 ἀέρος
1495 875 1610 968 ἀπηνῆ

263 998 449 1068 ηψυχροτι
453 1007 495 1048 τα
517 1008 559 1067 τη
544 987 777 1068 ’παραπλοκῇ
801 983 863 1049 τοῦ
886 974 993 1064 πυρὸς
1015 972 1220 1061 ἐτιθάσευεν,
1253 977 1333 1061 τούς
1364 975 1506 1059 νεάτους
1535 985 1611 1048 τῶν

297 1069 393 1148 ὅλων
415 1073 590 1166 φθόγγους
612 1077 758 1161 τούτους
783 1076 901 1167 κιρνὰς
928 1082 1186 1166 ἐμμελῶς.καί
1213 1076 1253 1165 δή
1282 1075 1322 1149 τὸ
1330 1067 1430 1201 ᾇρμα
1458 1075 1498 1147 τὸ
1531 1073 1642 1166 ἀπή-2

297 1203 413 1262 ρατον,
437 1180 568 1266 ἔρεισμα
590 1186 664 1249 τῶν
687 1171 780 1249 όλων
802 1184 856 1249 καί
880 1175 1024 1267 ἀρμονία
1047 1183 1121 1246 τῶν
1141 1173 1296 1260 πάντων,
1318 1173 1387 1250 ἀπὸ
1407 1205 1482 1249 των
1496 1185 1610 1263 μέσων

297 1275 412 1344 ἐπὶ
374 1305 417 1346 τα
439 1281 570 1363 πέρατα
592 1283 647 1346 καὶ
670 1274 737 1348 ἀπὸ
762 1285 833 1349 τῶν
856 1276 970 1365 ἀκρων
992 1275 1106 1347 ἐπὶ
1069 1306 1111 1346 τα
1133 1283 1215 1364 μέσα
1238 1272 1456 1360 διαταθέν,“
1435 1273 1609 1366 ηρμόσατσ

297 1371 376 1445 τόδε
399 1373 439 1447 τό
463 1381 541 1457 πάν,
564 1372 606 1446 οῦ
627 1375 714 1446 κατὰ
737 1375 802 1465 τὴν
820 1375 969 1467 θρᾴκιον
989 1371 1162 1464 μουσικήν,
1187 1375 1252 1465 τὴν
1272 1373 1514 1466 παραπλήσιον
1536 1374 1610 1448 Ἰου-

246 1470 369 1559 1066,
400 1475 489 1546 κατὰ
517 1481 553 1546 δὲ
584 1475 649 1565 τήν
680 1471 829 1563 πάτριον
860 1481 923 1546 τοῦ
954 1480 1038 1546 θεοῦ
1059 1474 1232 1562 βούλησιν,
1265 1475 1306 1565 ἣν
1329 1471 1475 1565 ἐζήλωσε
1498 1483 1609 1548 Δαυίδ.

297 1567 316 1643 6
338 1580 374 1644 δὲ
396 1579 433 1645 ἐκ
456 1581 558 1646 Δαυὶδ
577 1582 633 1646 καὶ
655 1574 722 1664 πρὸ
747 1571 865 1658 αὐτοῦ,
892 1569 910 1645 6
935 1582 997 1646 τοῦ
1027 1582 1113 1645 θεοῦ
1139 1570 1249 1663 λόγος.
1273 1574 1379 1664 λύραν
1400 1581 1462 1664 μὲν
1483 1582 1539 1647 καὶ
1562 1587 1643 1646 ιιι-3

297 1670 420 1761 θύραν,
443 1674 485 1746 τά
508 1674 619 1763 ἀψυχα
642 1668 780 1763 ὄργανα,
802 1671 983 1763 ύπεριδών,
1006 1671 1135 1762 κόσμον
1157 1680 1192 1745 δέ
1214 1669 1313 1745 τόνδε
1335 1681 1391 1744 καὶ
1413 1674 1454 1763 δή
1473 1674 1609 1746 καὶτὸν

297 1773 438 1862 σμικρὸν
468 1769 604 1862 κόσμον,
635 1775 700 1847 τὸν
731 1775 938 1864 ἄνθρωπον,
972 1771 1083 1862 ψυχήν
1113 1802 1150 1843 τε
1180 1780 1235 1844 καὶ
1267 1781 1363 1862 σῶμα
1385 1771 1501 1858 αύτοῦ,
1525 1771 1609 1864 ἀγίῳ

297 1871 464 1962 πνεύματι
487 1870 727 1964 ἁρμοσάμενος,
751 1872 874 1963 ψάλλει
897 1881 947 1964 τῷ
969 1880 1042 1962 θεῷ
1066 1871 1119 1942 διὰ
1143 1879 1206 1942 τοῦ
1231 1875 1446 1960 πολυφώνου
1460 1868 1610 1962 δργάνου

247 1996 279 2046 15
297 1980 352 2044 καὶ
374 1975 536 2067 προσιίδει
560 1981 610 2064 τῷ
633 1970 770 2064 ὀργάνῳ
794 1981 844 2064 τῷ
864 1969 1053 2062 ἀνθρώπῳ.
1098 1972 1157 2042 »σύ
1172 1973 1234 2061 γὰρ
1251 1975 1282 2044 εἰ
1293 1970 1420 2061 κιθάρα
1435 1981 1492 2044 καὶ
1507 1970 1610 2055 αύλὸς

297 2073 570 2162 καὶναόςέμοί·«
609 2071 736 2163 κιθαρα
752 2073 805 2144 δια
822 2072 887 2163 τήν
909 2069 1083 2162 άρμονίαν,
1107 2068 1209 2155 αυλος
1224 2070 1279 2143 δια
1302 2071 1342 2142 τό
1364 2078 1504 2160 πνεῦμα,
1529 2072 1610 2194 ναός

299 2171 353 2242 διὰ
384 2171 446 2242 τὸν
477 2169 594 2262 λόγον,
632 2169 726 2244 ἰ’ν’“
706 2204 725 2264 η
755 2199 816 2262 μεν
846 2178 961 2260 κρέκη,
993 2170 1034 2244 τό
1058 2177 1092 2242 δὲ
1115 2175 1250 2260 ἐμπνέη,
1283 2165 1360 2242 ῦδὲ
1381 2170 1516 2261 χωρήσῃ
1549 2173 1611 2245 τὸν

299 2327 528 2460 ἐμνήσθημεν
559 2365 774 2459 προύτρεπεν
805 2369 853 2454 ῶς
883 2370 947 2492 τήν
977 2329 1153 2460 ἀλήθειαν,
1185 2366 1352 2458 ἀπετρεπε
1384 2377 1420 2442 δὲ
1447 2372 1609 2455 εἰδώλων,
1628 2383 1681 2437 61
1764 2431 1765 2450 ,

247 2491 281 2544 20
299 2478 431 2542 πολλοῦ
452 2500 486 2560 γε
509 2471 572 2542 ἔδει
595 2469 711 2557 ύμνεῑν
733 2468 839 2542 αύτὸν
861 2471 942 2551 τούς
965 2476 1126 2558 δαίμονας
1153 2466 1275 2558 ἀληθεῖ
1295 2469 1381 2559 πρὸς
1403 2466 1510 2542 αύτοῦ
1533 2478 1609 2542 διω-
1764 2467 1765 2492 ’

298 2577 463 2658 κομένους
483 2579 634 2660 μουσικῇ,
666 2599 686 2658 η
710 2578 773 2642 τοῦ
794 2571 911 2643 Σαούλ
943 2573 1184 2696 ἐνεργουμένρυ
1215 2574 1354 2654 ἐκείνοις
1384 2565 1479 2662 άδων
1500 2569 1612 2659 μόνον

300 2665 406 2741 αὐτὸν
441 2666 569 2742 ἰάσατο.
620 2669 728 2744 καλὸν
759 2666 777 2741 6
799 2669 923 2796 κύριος
957 2661 1106 2791 όργανον
1142 2673 1292 2758 ἔμπνουν
1324 2667 1388 2740 τὸν
1418 2667 1611 2788 ἄνθρωπον

300 2767 513 2858 ἐξειργάσατο
535 2767 610 2840 κατ’
634 2767 747 2842 εἰκόνα
770 2770 834 2859 τὴν
858 2770 992 2856 εαυτοῦ·
1036 2765 1148 2856 ἀμέλει
1169 2777 1226 2840 καὶ
1247 2765 1351 2851 αύτδς
1373 2761 1519 2888 6anv6v
1541 2773 1611 2840 ἐστι

300 2875 361 2940 τοῦ
383 2875 469 2941 θεοῦ
491 2866 737 2959 παναρμόνιον,
760 2875 895 2959 ἐμμελὲς
917 2875 972 2938 καὶ
996 2860 1101 2956 άγιον,
1133 2877 1236 2954 σοφία
1257 2863 1489 2955 ύπεριιόσμιος,
1514 2865 1611 2956 ούρά-

248 2987 281 3040 25
300 2997 372 3051 νιος
395 2965 503 3059 λόγος.

387 3077 422 3139 Τί
453 3070 493 3160 δή
526 3063 588 3142 οὖν
619 3068 659 3140 τὸ
692 3063 851 3159 ὄργανον,
883 3062 902 3136 6
935 3073 997 3137 τοῦ
1028 3073 1113 3190 θερῦ
1143 3065 1254 3154 λόγος,
1285 3061 1304 3137 6
1330 3066 1455 3154 κύριος,
1488 3075 1545 3138 καὶ
1571 3066 1679 3146 τὸ61

300 3171 385 3260 ςίσμα
412 3167 453 3239 τὸ
476 3170 596 3242 καινὸν
626 3170 799 3254 βούλεταα
830 3161 1032 3253 ὀφθαλμούς
1062 3165 1270 3238 ἀναπετάσαι
1293 3174 1436 3253 τυφλῶν
1458 3175 1515 3238 καὶ
1538 3161 1613 3239 ώτα

300 3265 431 3354 ἀνοῖξαι
462 3277 608 3386 κωφῶν
623 3275 678 3340 καὶ
710 3265 897 3354 σκάζοντας
924 3266 974 3336 τώ
1005 3262 1133 3354 πόδεὴ
1155 3273 1400 3355 πλανωμένους
1422 3273 1469 3350 εἰς
1491 3273 1647 3339 δικαιο-

300 3366 404 3456 σύνην
424 3374 674 3456 χειραγωγῆσαι,
707 3367 792 3439 θεὸν
814 3365 1014 3451 ἀνθρώποις
1037 3362 1261 3452 άφραίνσυσιν
1283 3370 1455 3451 ἐπιδεῖξαι,
1486 3374 1612 3439 παῦσαι

248 3494 282 3548 30
301 3464 447 3552 φθοράν,
480 3475 610 3556 νικῆσαι
642 3465 807 3550 θάνατον,
838 3466 931 3547 υἱούς
964 3461 1115 3547 ἀπειθεῖς
1138 3460 1312 3549 διαλλάξαι
1334 3474 1447 3554 πατρί.
1492 3465 1645 3553 φιλάν-2

300 3577 448 3652 θρωπσν
471 3565 511 3636 τὸ
535 3559 684 3654 όργανον
705 3573 769 3638 τοῦ
791 3571 888 3637 θεοῦ·
932 3559 950 3635 6
973 3562 1089 3652 κύριος
1111 3569 1203 3648 ἐλεεῖ,
1235 3564 1393 3646 παιδεύει,
1416 3573 1611 3654 προτρέπει,

300 3678 465 3749 νουθετεῖ,
489 3664 601 3756 σῴζει,
626 3662 790 3751 φυλάττει
810 3674 867 3735 καὶ
887 3664 1012 3750 μισθὸν
1035 3661 1114 3755 ἡμῖν
1136 3673 1197 3755 τῆς
1218 3663 1400 3754 μαθήσεως
1422 3669 1459 3736 ἐκ
1480 3694 1612 3754 περιου-

300 3773 373 3848 σίας
394 3773 567 3851 βασιλείαν
591 3761 749 3853 ούρανῶν
772 3769 1021 3853 ἐπαγγέλλεται,
1044 3772 1151 3838 τοῦτο
1174 3761 1282 3855 μόνον
1302 3760 1490 3836 ἀπολαύων
1506 3762 1612 3855 ἡμῶν,

301 3859 319 3935 6
342 3861 530 3955 σφζόμεθα.
573 3872 673 3935 κακία
693 3871 754 3951 μὲν
776 3865 839 3953 γὰρ
861 3864 926 3954 τήν
948 3862 1150 3952 ἀνθρώπων
1177 3861 1388 3949 έπιβόσκεται
1411 3863 1559 3952 φθοράν,
1594 3861 1613 3953 6

388 4035 439 4090 ln
459 4036 514 4106 vgl.
539 4035 606 4090 Gen.
625 4038 647 4100 1,
665 4035 691 4090 9.
710 4035 755 4098 10;
781 4033 853 4089 Hiob
876 4035 1210 4104 38,s-11-9tvg1.
1234 4036 1300 4090 Gen.
1322 4038 1347 4100 4,
1365 4037 1397 4090 21
1428 4063 1461 4073 -
1491 4035 1529 4090 21
1558 4034 1613 4103 vgl.

299 4121 404 4175 ISam.
425 4123 464 4184 16
481 4123 576 4175 23-
603 4119 669 4178 222
688 4120 744 4188 vgl.
764 4121 830 4176 Gen.
849 4123 872 4186 1,
890 4122 984 4174 27-
1012 4120 1077 4176 w
1096 4119 1151 4190 vgl.
1175 4121 1228 4173 δεε.
1247 4123 1289 4185 35,
1307 4123 1331 4173 5.
1349 4123 1381 4184 6;
1406 4119 1613 4183 Matth.11‚5;

300 4205 401 4258 Luk.
391 4225 410 4268 ι,
429 4207 461 4259 22

386 4341 404 4394 8
423 4338 509 4424 αὐτήν
522 4341 552 4394 st
572 4337 653 4408 αὐτῆι
670 4341 712 4405 ΡΙ
730 4339 767 4394 15
787 4337 905 4412 (τούτῳ)
924 4345 964 4411 τῷ
984 4337 1097 4412 ὀργάνῳ
1108 4341 1169 4409 Μλί
1188 4340 1225 4394 19
1243 4333 1403 4412 προῦτρεπε
1422 4338 1502 4407 (μὲν)
1521 4339 1614 4394 Mark-

300 4424 367 4478 land
392 4426 395 4491 ί
419 4427 456 4480 21
476 4425 503 4494 6]
523 4425 539 4493 ἡ
559 4428 663 4480 Accent
680 4423 786 4478 austad.
806 4424 826 4476 P
851 4425 855 4488 Ι
878 4430 930 4479 τοῦ
948 4423 1045 4479 Σαοὺλ
1063 4421 1270 4494 ἐνεργουμένσυ
1289 4424 1335 4477 Ma
1352 4443 1403 4479 τωι
1421 4425 1537 4486 (Δοσεαί
1555 4441 1613 4478 αυε-

301 4504 510 4663 ρριέ.)1)έροὲιή.οδς]
524 4505 765 4648 δὸἔινῖρζοιίμενος
782 4508 850 4562 PM*
869 4514 909 4579 τῷ
929 4507 1016 4563 σαούλ
1034 4505 1231 4582 ἐνεργουμένην
1259 4509 1318 4575 Μλί
1340 4505 1459 4574 ἐκείνοις
1478 4508 1525 4562 Wi
1544 4506 1613 4565 ἐκεῖ·
