3520 5480
321 407 381 467 314
909 399 1042 454 Clemens.

404 575 453 646 44,
476 573 514 634 32
547 555 566 632 ό
597 569 812 649 Πυγμαλίωυ]
850 553 952 644 οὗτος
987 555 1006 630 ό
1043 568 1248 650 Πυγμαλίων
1279 568 1443 650 Κυπρίων
1478 563 1637 648 βασιλεὺς

321 667 465 749 ἐγένετο.
509 659 639 732 τούτου
661 657 812 747 άδελφόν
833 659 999 732 καταθύει
1021 667 1073 751 τῷ
1098 668 1148 731 Διί
1165 659 1333 750 Βούσιρις,
1356 667 1563 750 Αἰγυπτίων
1585 671 1637 746 βα·
1736 729 1737 750 ,

322 758 440 844 σιλεύς.
463 766 523 830 ΡΜ
1736 763 1737 772 ’

405 874 453 944 45,
476 875 495 933 5
517 858 703 949 βάραθρον]
727 857 904 948 βάραθρον
926 856 1034 941 τόπος
1055 857 1215 949 Ἀθήνησι
1232 862 1455 951 χασματοόδης
1470 869 1527 932 καὶ
1541 861 1638 948 άβυσ-

288 985 389 1044 ρσος,
427 963 473 1044 εἰς
506 953 548 1029 όν
578 962 611 1029 οί
641 955 842 1046 κατάκριτοι
874 956 1109 1044 ἐνεβάλλοντο,
1148 951 1199 1030 ὦν
1230 957 1308 1032 ούδὲ
1339 959 1381 1032 τά
1414 961 1558 1050 στόματα
1590 966 1637 1032 ἔτι

323 1064 491 1147 έφαίνετο.
516 1063 577 1128 ΡΜ

404 1151 491 1248 ἦσαν
516 1167 573 1231 καὶ
599 1154 766 1247 ἀλλαχόθι
788 1155 1008 1246 κολαοτῆριοι
1031 1154 1141 1235 τόποι,
1171 1156 1285 1248 ιύσπερ
1308 1164 1345 1232 έν
1368 1165 1596 1250 Λακεδαίμονι
1620 1158 1638 1232 ό

322 1257 454 1343 κεάτας,
477 1261 515 1330 έν
535 1254 642 1347 Ῥώμη
666 1264 701 1330 δὲ
723 1253 742 1329 ό
765 1255 943 1346 κάρκαρος.
966 1261 1044 1327 P²M

405 1370 453 1444 45,
474 1369 492 1431 8
515 1376 728 1454 περιστεραῖς
750 1362 989 1446 προσέπτησαν
1010 1355 1195 1444 πελειάδες]
1219 1355 1307 1432 άλλά
1327 1365 1384 1430 καί
1398 1355 1563 1432 Ἀπελλοῦ
1586 1369 1638 1451 τῷ
1738 1395 1739 1410 ¹

271 1483 304 1536 10
321 1456 440 1545 βότρυι·
469 1463 529 1547 τῆς
560 1464 781 1546 οκιαγραφίας
811 1448 906 1543 ὄρνις
935 1462 1113 1548 προσέπτη
1143 1465 1199 1528 καὶ
1230 1465 1282 1548 τῷ
1309 1457 1431 1547 ῥάμφει
1461 1458 1528 1548 τὴν
1550 1463 1638 1550 ῥᾶγα
1738 1455 1739 1458 “

322 1563 505 1647 διανοίγειν
527 1563 695 1645 ἐπειρᾶτο.
718 1553 806 1628 άλλόι
823 1562 879 1626 καί
895 1559 1003 1627 ἵππον
1017 1553 1223 1646 Ἀλεξάνδρῳ
1240 1565 1290 1647 τῷ
1307 1554 1477 1628 Μακεδόνι
1492 1558 1637 1648 γράψας.

321 1658 395 1728 εἶτα
417 1659 645 1747 προσαγαγών
660 1652 880 1742 Ἀλέξανδρον
900 1661 962 1744 μὲν
984 1652 1025 1726 ού
1046 1653 1138 1727 πάνυ
1159 1653 1348 1746 ἐπηγάγετο
1368 1664 1410 1746 τῆ
1425 1665 1549 1746 γραφῇ,
1574 1658 1639 1731 τόν

321 1751 540 1846 Ἀλεξάνδρου
569 1761 604 1827 δὲ
636 1759 742 1827 ἵππου
772 1751 1027 1843 παραγαγόντες
1058 1752 1107 1838 ο1ς
1137 1757 1254 1843 ἕτερον
1284 1759 1391 1828 ἵππον
1422 1764 1465 1844 τῆ
1487 1751 1636 1852 ἀληθείᾳ

321 1861 448 1928 τοῦτον
480 1858 570 1945 εἰχον
601 1850 778 1946 ἑωρακότα
809 1851 1002 1943 φρυάγματι
1031 1853 1289 1943 κεχρεμετικότα
1312 1855 1398 1943 πρὸς
1419 1855 1484 1946 τῆν
1506 1855 1635 1942 εἰκόνα,

270 1979 302 2032 15
322 1947 380 2026 ότε
402 1961 457 2025 καὶ
479 1951 640 2044 Ἀπελλῆς
662 1953 921 2042 γραφικῶτερον
943 1957 1055 2042 ἔλεγεν
1072 1950 1292 2044 Ἀλεξάνδρου
1315 1955 1378 2027 τὸν
1399 1959 1507 2027 ίππον
1529 1953 1638 2029 αύτοῦ

321 2055 413 2136 εἶναι,
429 2048 489 2126 άτε
505 2053 568 2125 τόν
582 2061 644 2143 μὲν
655 2051 701 2142 μῆ
712 2050 930 2142 έπεγνωκότα
946 2059 1053 2142 δῆθεν
1068 2049 1194 2142 άτρέμα
1209 2051 1296 2142 πρὸς
1311 2052 1375 2143 τῆν
1390 2054 1527 2144 γραφὴν
1542 2059 1638 2144 ἔχειν,
1740 2063 1741 2104 ³

321 2150 384 2223 τόν
400 2156 507 2226 ἵππον
521 2160 557 2226 δὲ
571 2157 801 2242 ἐπεγνωκέναι
814 2160 869 2224 καί
886 2151 934 2235 τός
950 2152 1035 2240 πρὸς
1051 2149 1166 2242 άληθῆ
1188 2159 1403 2241 διαγενέσθαι
1417 2157 1534 2226 ίτιπον.
1557 2160 1585 2224 Ρ
1591 2161 1636 2224 11Μ

404 2264 453 2336 45,
480 2264 516 2326 18
541 2261 680 2341 ταῦρον]
703 2253 767 2324 τὸν
789 2256 843 2323 ἐπὶ
865 2249 1025 2340 Πασιφάη
1049 2259 1178 2342 ταῦρον
1200 2259 1296 2342 λέγει.
1319 2256 1397 2321 ΡῚΜ

405 2365 453 2436 45,
478 2365 515 2425 71
540 2359 737 2443 μελεδωνοί]
761 2355 968 2440 ἐπιμεληταί,
994 2360 1205 2440 φροντισταί.
1229 2357 1290 2421 ΡΜ

270 2477 304 2531 20
405 2465 454 2534 45,
477 2463 515 2522 22
538 2459 784 2541 κοροκοσμίωυ]
801 2447 1007 2541 κοροκόσμια
1022 2464 1174 2524 καλειται
1189 2448 1372 2541 πλάσματά
1386 2480 1464 2522 τινα
1479 2457 1516 2522 ἐκ
1531 2459 1636 2542 κηροῦ

322 2547 343 2639 ῆ
375 2550 485 2640 γύψου
509 2558 654 2641 νυμφῶν
675 2547 697 2639 ι]
719 2556 906 2638 παρθένων
928 2558 1036 2624 τινῶν
1059 2547 1357 2641 άναπλαττόμενα,
1388 2543 1473 2636 άπερ
1496 2559 1634 2642 Δωριεῖς

321 2657 382 2740 μὲν
413 2657 565 2741 δαγῦδας,
586 2647 759 2739 Ἀθηναῖοι
791 2655 825 2721 δέ
847 2647 1052 2740 κοροκόσμια
1075 2657 1246 2724 καλοῦσιν.
1286 2647 1373 2738 ῆτὰ
1395 2647 1461 2721 ύπό
1485 2658 1559 2722 τῶν
1579 2681 1635 2722 κο·
1742 2739 1743 2742 ¹

322 2759 472 2838 ρυλλίων
493 2747 650 2838 νυμφικά.
672 2755 735 2819 ΡΜ
1129 2837 1132 2842 Ι

404 2861 454 2934 47,
485 2863 503 2920 5
535 2848 676 2938 σάτυροι
709 2847 908 2938 μεθύοντες]
945 2844 993 2931 οός
1028 2847 1068 2919 τό
1109 2855 1173 2920 τοῦ
1204 2847 1360 2938 Πριάπου
1389 2856 1634 2937 παναίοχιστον

270 2973 304 3028 25
321 2951 418 3032 είδος,
446 2945 611 3032 οόσαότως
638 2956 693 3020 καὶ
716 2953 749 3019 αἱ
773 2955 846 3020 τῶν
862 2947 1019 3035 σατύρων
1034 2955 1127 3032 ἰδέαι,
1154 2953 1226 3020 ἐπεὶ
1245 2944 1394 3022 κάκεῑνσι
1414 2951 1631 3038 ἐντεταμέναι

321 3045 513 3136 γράφονται
534 3048 577 3120 τά
599 3046 787 3137 παιδουργόι
809 3043 919 3138 μόρια,
941 3044 1116 3132 παθόντες
1138 3053 1252 3132 τοῦτο,
1275 3045 1322 3130 οἷς
1344 3043 1496 3136 όμῦθος,
1518 3047 1632 3139 μῆνιδι

322 3147 485 3221 Διονύσου
507 3155 556 3238 τῷ
579 3146 664 3237 πρὸς
687 3143 794 3218 αὐτὸν
816 3143 1010 3237 ὁρμητικῶς
1033 3144 1156 3231 αύτούς
1178 3166 1268 3236 σχειν
1289 3154 1335 3230 είς
1358 3153 1495 3236 αἰσχρᾶς
1514 3145 1632 3236 Ἀφρο-

322 3253 415 3337 δίτης
437 3252 603 3338 ἐργασίαν.
625 3252 705 3316 P²M

404 3359 452 3431 47,
477 3359 514 3420 10
540 3353 745 3433 Φιλαινίδος]
769 3344 851 3436 γυνή
875 3377 926 3429 τις
949 3350 1064 3434 ἑταίρα
1086 3351 1220 3436 ἐγένετο
1244 3343 1462 3436 συγγράψασα
1481 3347 1633 3436 ἑταιρικὰ

271 3471 304 3524 30
322 3445 475 3537 σγῆματα
496 3453 630 3536 μίξεων.
652 3451 714 3516 ΡΜ

405 3560 454 3632 47,
479 3559 516 3618 13
538 3543 732 3636 ἡταίρηκεν]
757 3543 955 3637 ῆτάκτηοεν.
978 3551 1039 3615 ΡΜ

406 3659 454 3732 47,
479 3657 601 3719 14-16
624 3653 729 3718 τοῦτο
753 3643 794 3718 ου’
817 3655 946 3718 νοεῖταί
965 3674 1029 3735 μοι.
1052 3649 1103 3714 Μ1

405 3757 455 3830 47,
478 3756 516 3817 78
541 3743 729 3835 άπατηλόν]
755 3745 820 3834 τὴν
843 3740 1079 3817 εἰδωλοποιόν.
1101 3748 1163 3813 ΡΜ

406 3859 456 3926 49,
479 3855 498 3916 7
522 3841 540 3916 ό
562 3841 737 3933 Ἐλεάτης]
765 3840 858 3916 Ἐλέα
888 3843 942 3916 διό
974 3849 1036 3916 τοῦ
1068 3863 1084 3915 ἑ
1114 3841 1214 3927 πόλις
1244 3849 1305 3932 τῆς
1326 3839 1476 3929 Ἰταλίας,
1508 3841 1573 3932 (ἔφ’
1596 3837 1634 3936 ῆς

271 3968 304 4020 35
323 3941 341 4016 ό
362 3952 508 4032 πολίτης
529 3940 697 4034 Ἐλεάτης·
721 3950 828 4015 Αἰλέα
850 3950 885 4014 δὲ
907 3941 927 4033 ῆ
950 3943 1006 4014 διὰ
1029 3951 1089 4034 τῆς
1113 3956 1146 4013 αι’
1169 3941 1361 4032 διφθόγγου
1382 3950 1444 4034 τῆς
1468 3951 1633 4028 Φωκίδος,

322 4041 385 4131 ἀφ’
409 4037 448 4133 ῆς
471 4041 489 4116 ό
512 4053 657 4134 πολίτης
680 4041 855 4132 Αίλεάτης.
879 4047 942 4113 ΡΜ

409 4199 446 4254 111
466 4200 521 4269 vgl.
539 4199 691 4268 Hesychius
710 4217 729 4252 ε.
750 4217 775 4252 v.

409 4333 447 4389 14
466 4327 552 4402 εἶχον]
571 4327 646 4389 εἶδον
665 4332 712 4386 Wi
730 4323 817 4405 εὗρον
836 4333 914 4388 Kroll
930 4334 934 4400 ]
949 4331 1185 4403 κεχραιμετικδτα
1198 4331 1260 4385 P²M
1280 4333 1319 4400 (αι
1331 4351 1365 4386 w.
1378 4349 1400 4386 ο.
1413 4332 1469 4387 soh.
1482 4332 1518 4386 P²
1535 4333 1580 4387 fiir
1591 4336 1614 4400 ε]
1628 4339 1631 4365 ¹

323 4419 360 4474 15
380 4411 561 4486 Ἀλεξάνδρου
573 4417 687 4472 Schinae
705 4415 868 4492 ἀλεξάνδρῳ
886 4419 950 4472 P²M
976 4419 980 4484 Ι
1003 4419 1043 4472 20
1060 4435 1124 4472 τινα
1143 4415 1257 4471 Schinas
1274 4413 1351 4481 τινὸς
1369 4417 1441 4485 ΡΜ]
1456 4415 1494 4473 22
1512 4417 1633 4487 δαγίδας

322 4503 396 4568 Βαεί,
423 4502 509 4572 Epist.
537 4503 595 4556 erit.
614 4519 642 4571 p.
662 4504 711 4557 196
732 4501 856 4574 δαγύρας
873 4503 945 4569 ΡΜ]
961 4502 1077 4559 24-28
1095 4502 1272 4570 geschn'eben
1290 4499 1632 4568 τοοΡ1,ε.1)οι(1τιετετ-

322 4587 458 4641 weisende
476 4587 592 4641 Zeiehen
611 4587 647 4640 im
666 4587 736 4641 Text
753 4605 779 4642 u.
799 4604 843 4640 am
861 4586 940 4640 fland
958 4604 1012 4642 von
1030 4586 1064 4638 P¹
