3520 5498
282 352 339 414 122
866 341 999 396 Clemens.

283 511 333 578 »οἱ
354 502 481 588 πάντες
502 513 560 595 μία
582 513 710 595 ποίμνη
732 510 787 576 καὶ
809 503 856 586 είς
878 502 1033 594 ποιμήν(
1079 501 1296 594 παιδαγωγός
1323 496 1386 575 οὖν
1407 499 1552 586 εἰκότως
1572 499 1590 574 6

280 606 380 696 λόγος
403 601 422 677 6
444 607 525 690 τοὺς
546 612 668 688 παῖδας
691 601 775 695 ἡμᾶς
796 609 844 687 είς
866 611 1038 694 σωτηρίαν
1060 603 1165 693 ἀγων.
1207 608 1436 692 ἐναργέστατα
1466 609 1553 692 γοῦν
1573 599 1590 675 6

280 707 382 796 λόγος
412 713 488 796 περὶ
511 708 634 778 ἑαυτοῦ
656 705 710 778 διά
732 701 826 794 Ὠσηὲ
850 707 980 792 εἴρηκεν
1009 704 1095 792 »ἐγὼ
1118 710 1154 775 66
1176 701 1359 792 παιδευτὴς
1380 699 1478 792 ὑμῶν
1501 707 1592 792 είμιι.

279 813 492 898 παιδαγωγία
522 812 557 876 66
588 803 814 896 ἡθεοσέβεια,
844 801 990 895 μάθησις
1021 797 1106 874 οὖσα
1128 809 1213 876 θεοῦ
1235 812 1420 892 θεραπείας
1441 812 1497 874 καί
1520 815 1593 876 παί-

185 969 189 978 .
246 915 387 990 ὕδευσις
409 913 455 990 είς
477 913 663 996 ἐπίγνωσιν
684 902 846 995 ἀληθείας
868 901 984 994 ἀγωγή
1006 933 1045 975 τε
1066 898 1154 994 ὀρθὴ
1177 899 1348 992 άνάγουσα
1372 910 1418 986 εἰς
1434 901 1592 994 οὐρανόν.

362 1011 578 1097 Παιδαγωγία
600 1013 637 1076 δε
657 1014 810 1076 καλεῖται
831 1012 1028 1092 πολλαχῶς·
1062 1011 1118 1075 καὶ
1140 1003 1203 1094 γάρ
1225 1000 1246 1094 6
1269 1009 1333 1075 τοῦ
1356 1000 1591 1094 ἀγομένουκαὶ
1610 1029 1681 1089 σει

279 1105 533 1196 μανθάνοντος,
556 1111 611 1174 καὶ
627 1099 648 1194 6
662 1111 726 1175 τοῦ
744 1103 892 1193 ἄγοντος
913 1111 969 1174 καί
991 1100 1222 1188 διδάσκοντος,
1242 1111 1297 1174 καὶ
1318 1101 1404 1192 ου’τὴ
1426 1113 1550 1193 τρίτον
1571 1101 1591 1193 6

281 1203 406 1295 ἀγωγή,
438 1210 492 1275 καὶ
514 1203 560 1274 τά
585 1199 806 1293 διδασκόμενα
836 1209 1014 1293 τέταρτον,
1047 1203 1122 1276 οἷον
1153 1209 1186 1275 az
1209 1209 1354 1276 ἐντολαί.
1398 1207 1469 1274 ἔστι
1491 1201 1696 1294 661613612
1728 1241 1729 1246 κ

279 1305 368 1376 κατὰ
382 1303 447 1376 τόν
462 1302 546 1376 θεὸν
561 1309 773 1424 παιδαγωγία
791 1303 1023 1392 κατευθυσμὸς
1039 1301 1202 1390 ἀληθείας
1217 1306 1293 1386 είςέ
1294 1311 1464 1374 ποπτείαν
1483 1310 1488 1392 Ι
1508 1311 1592 1424 θερῦ
1609 1325 1674 1377 48
1664 1324 1680 1363 ἒ

230 1413 335 1477 1οκαὶ
365 1401 525 1493 πράξεων
555 1397 664 1492 ἀγίων
693 1397 915 1525 δποτόπωσις
950 1406 987 1475 ἐν
1018 1407 1148 1492 αἰωνίῳ
1180 1409 1331 1524 6666026.
1383 1400 1500 1491 ὥσπερ
1532 1396 1627 1475 οὖν
1609 1421 1628 1457 ‘²

281 1503 484 1577 κατευθύνει
504 1501 571 1592 τὴν
594 1499 751 1593 φάλαγγα
769 1498 789 1575 6
811 1499 1000 1591 στρατηγός
1015 1508 1077 1592 τῆς
1091 1511 1286 1624 σωτηρίας
1275 1510 1351 1574 τῶν
1364 1499 1593 1593 μισθοφόρων

280 1603 572 1695 προμηθούμενος,
595 1611 650 1673 καί
670 1598 754 1687 696
776 1600 982 1692 κυβερνήτης
1005 1601 1197 1689 οἰακίζει
1161 1631 1202 1674 το
1225 1599 1356 1688 σκάφος
1378 1600 1501 1692 σῴζειν
1515 1631 1596 1722 πρρ-

282 1703 482 1792 αιρούμενος
515 1703 596 1786 τούς
625 1708 845 1792 ἐμπλέοντας,
877 1695 990 1786 οὕτως
1019 1697 1125 1772 καλ
1107 1731 1125 1774 ο
1156 1701 1426 1792 παιδαγωγός
1405 1730 1479 1791 αγει
1515 1704 1595 1785 τοὺς

281 1809 403 1887 παῖδας
424 1803 539 1875 ἐπὶ
501 1832 567 1892 την
589 1801 763 1926 σωτήριον
777 1807 969 1874 δίαιταν”
913 1830 988 1920 ’της
1006 1797 1104 1890 ἡμῶν
1119 1799 1236 1874 αὐτῶν
1251 1803 1364 1875 ἐνεκεν
1377 1807 1594 1892 κηδεμονίας·

231 1912 338 1976 1ῠκαὶ
359 1899 515 1975 καθόλου
545 1897 656 1974 ὁπόσα
678 1901 722 1973 ἀν
743 1901 834 1990 παρὰ
866 1907 928 1972 τοῦ
949 1907 1034 1973 θεοῦ
1055 1898 1203 1992 εὐλόγως
1225 1897 1461 1992 αίτὴσαιμεν
1442 1921 1523 2004 ημῖν
1545 1929 1594 1992 γε·

283 2010 411 2088 νέσθαι,
435 2009 543 2074 ταῦτα
565 2007 782 2090 πειθομένοις
804 2031 854 2091 τῳ
837 2005 1076 2090 ’παιδαγωγῷ
1091 2007 1270 2089 περιέσται
1313 1995 1419 2090 όνπερ
1435 2005 1501 2074 οὐν
1515 1999 1592 2090 τρό-
1610 2020 1627 2072 3

281 2132 350 2175 πον
373 2133 391 2174 ο
382 2097 622 2223 κυβερνήτης
644 2099 706 2172 οὐκ
728 2105 790 2173 αίελ
811 2120 884 2184 τοῖς
906 2096 1042 2190 ἀνέμοις
1062 2097 1199 2187 ὑπείκει,
1222 2099 1440 2224 ἀντίπρῳρος
1460 2107 1498 2172 66
1520 2097 1593 2172 ἐσθ’

283 2198 342 2275 ότε
365 2196 460 2283 όλαις
481 2197 687 2273 ἀνθίσταται
718 2209 917 2289 καταιγίσιν,
949 2196 1062 2284 οὕτως
1084 2195 1103 2271 6
1125 2199 1343 2289 παιδαγωγὸς
1365 2198 1437 2289 οόγὶ
1460 2220 1536 2284 τοῖς
1556 2206 1595 2273 έν

283 2309 334 2393 τῷ
365 2298 480 2390 κόσμῳ
512 2307 601 2390 τῷδε
623 2306 873 2372 καταπνέουσιν
905 2297 1040 2389 ἀνέμοις
1061 2298 1191 2372 δπείκει
1211 2307 1299 2373 ποτὲ
1321 2297 1399 2374 οὐδὲ
1420 2305 1594 2388 ἐπιτρέπει

231 2414 265 2468 20
282 2398 397 2484 αὐτοῖς
419 2398 460 2470 τό
483 2407 629 2486 παιδίον,
652 2397 767 2487 ὥσπερ
789 2397 928 2487 σκάφος,
952 2407 999 2483 εἰς
1014 2400 1169 2490 θηριαίδη
1191 2407 1247 2472 καὶ
1263 2396 1385 2489 ἀσελγῆ
1402 2406 1593 2489 προσρῆξαι

283 2509 423 2585 δίαιταν,
453 2496 550 2590 μόνῳ
581 2505 617 2570 66
647 2499 713 2588 ἀρα
743 2506 794 2588 τῷ
817 2496 980 2590 ἀληθείας
1002 2498 1168 2590 πνεύματι
1190 2502 1334 2589 ἐπουρος
1355 2496 1474 2588 ἀρθείς
1497 2495 1594 2571 ἀντέ-

281 2630 376 2689 χεται
406 2599 495 2689 μάλα
525 2604 726 2688 ἐρρωμένως
760 2607 834 2670 τῶν
864 2596 994 2670 οἰάκων
1016 2607 1080 2672 τοῦ
1100 2596 1237 2685 παιδός,
1270 2608 1343 2672 τῶν
1365 2597 1470 2671 ὤτων
1492 2609 1594 2690 λέγω,

284 2703 346 2784 ίως
368 2697 411 2772 ἀν
433 2697 572 2786 ἀβλαβὲς
592 2707 783 2789 καθορμίση
807 2697 848 2770 τὸ
870 2704 1009 2772 παιδίον
1032 2704 1077 2782 είς
1105 2697 1168 2771 τὸν
1192 2706 1308 2788 λιμένα
1332 2707 1405 2771 τῶν
1426 2697 1594 2788 ου’ρανῶν·

283 2800 323 2873 τό
346 2809 407 2890 μὲν
429 2799 492 2891 γάρ
515 2797 664 2888 πάτριον
685 2796 895 2887 καλούμενον
917 2826 986 2885 παρ
993 2793 1225 2885 ’ἀνθρώποις
1247 2801 1328 2882 ἔθος
1350 2794 1433 2872 ὅσον
1456 2797 1593 2871 οὐδέπω

232 2911 265 2964 25
283 2907 492 2990 παρέρχεται,
502 2897 638 3002 ‘666’
618 2898 733 2989 αγωγὴ
755 2895 869 2988 ἡθεία
891 2904 1002 2987 κτῆμα
992 2896 1110 2970 ἐστιν
1124 2904 1171 2980 είς
1187 2895 1237 2970 αεὶ
1252 2905 1456 2989 παραμένον
1490 2897 1593 2988 Ἀχιλ-
1612 2915 1675 2972 561

285 3004 368 3082 λέως
389 3006 451 3088 μὲν
473 3003 536 3070 οὐν
558 2997 778 3089 παιδαγωγόν
801 2995 864 3068 τόν
881 2997 1023 3070 Φοίνικά
1045 3021 1127 3084 φασι
1148 3004 1322 3087 γεγονέναι
1335 3007 1391 3072 καὶ
1406 3007 1480 3072 τῶν
1496 3008 1594 3088 Κροί-

283 3122 345 3170 σου
366 3105 499 3169 παίδων
516 3096 714 3224 Ἄδραστον,
736 3093 955 3187 Ἀλεξάνδρου
977 3105 1013 3170 66
1035 3105 1211 3188 Λεωνίδην
1234 3104 1289 3168 καί
1313 3106 1487 3171 Φιλίππου
1509 3107 1593 3171 Ναυ

283 3206 415 3269 σίθοον.
437 3193 510 3267 ἀλλ’
522 3227 540 3268 ο
555 3225 616 3286 μεν
626 3225 882 3287 γυναικομανης,
900 3226 919 3268 ο
909 3192 1063 3284 Φοῖνιξ,
1079 3189 1130 3287 ἦν,
1147 3192 1166 3270 6
1158 3193 1221 3270 66
1237 3196 1356 3287 φυγάς,
1372 3229 1390 3270 ο
1381 3194 1594 3288 Ἄδραστος,

286 3292 336 3386 ἦν,
370 3303 544 3384 Λεωνίδης
565 3303 601 3367 66
624 3293 664 3367 06
685 3307 853 3385 περιεῖλεν
875 3298 939 3370 τὸν
962 3305 1075 3385 τῦφον
1097 3305 1160 3369 τοῦ
1182 3296 1381 3381 Μακεδόνος
1407 3295 1485 3372 0666
1508 3307 1595 3370 Ναυ

233 3411 267 3463 30
285 3407 403 3478 σίθοος
425 3394 600 3487 μεθύοντα
621 3394 685 3466 τόν
704 3399 740 3466 ἐκ
756 3403 886 3486 Πέλλης
901 3395 1035 3470 ἰάσατο·
1074 3393 1333 3483 Ἀλκιβιάδουδέ
1352 3397 1417 3488 τὴν
1431 3406 1595 3486 πορνείαν

286 3493 304 3568 6
330 3503 420 3588 θράξ
450 3501 598 3583 έπισγεῑν
629 3492 690 3566 οὐκ
712 3500 846 3583 ίσγυσεν
869 3497 1045 3585 Ζιόπυρος,
1077 3495 1150 3569 ἀλλ’
1174 3495 1311 3588 αίνητὸν
1333 3493 1593 3586 ἀνδράποδονό

287 3596 453 3684 Ζώπυρος
474 3588 527 3684 ἦν,
550 3602 606 3665 καὶ
628 3601 702 3665 τῶν
720 3603 984 3684 Θεμιστοκλέους
1004 3593 1181 3722 παίδωνε
1162 3596 1418 3688 οπαιδαγωγὸς
1432 3601 1595 3678 Σίκιννος

286 3701 420 3783 οἰκέτης
442 3695 595 3787 ῥάθυμος
617 3685 671 3784 ἦν·
701 3689 873 3783 ὀρχεῖσθαί
888 3721 991 3782 φασιν
1007 3695 1113 3776 αάτόν
1128 3727 1183 3768 και
1172 3705 1393 3784 σικιννίζειν
1411 3693 1594 3786 εὑρηκέναι
1728 3773 1729 3780 ς

285 3792 348 3867 οόκ
370 3799 499 3867 έλαθον
517 3790 562 3879 l‘
542 3800 627 3883 ημᾶς
649 3797 682 3865 οἱ
703 3793 794 3913 παρὰ
817 3801 958 3884 Πέρσαις
979 3805 1140 3882 βασίλειοι
1155 3795 1357 3888 καλούμενοι
1371 3803 1592 3887 παιδαγωγοί,
1609 3825 1655 3880 131
1669 3823 1711 3876 p
1700 3825 1729 3858 υ1

234 3907 266 3957 35
286 3891 345 3977 οός
368 3900 534 3983 τέτταρας
556 3893 618 3965 τὸν
641 3890 790 3982 ἀριθμόν
814 3891 1010 3984 ἀριστίνδην
1032 3900 1226 3987 ἐκλέγοντες
1242 3902 1279 3968 ἐκ
1293 3893 1437 3968 πάντων
1451 3903 1593 3984 Περσῶν

370 4149 389 4204 3
407 4149 471 4202 Ηοε.
491 4151 514 4211 5,
533 4148 594 4200 2-
609 4147 673 4202 15ί
690 4147 746 4217 vgl.
766 4148 965 4214 Joh.14‚13u.
980 4153 1004 4203 θ.
1022 4179 1056 4189 -
1075 4149 1113 4206 25
1132 4149 1188 4220 vgl.
1206 4149 1333 4219 Thukyd.
1346 4155 1370 4218 1,
1383 4153 1416 4206 22
1428 4179 1462 4188 -
1480 4149 1519 4206 28
1539 4148 1593 4218 vgl.

286 4235 304 4287 I
318 4231 398 4288 4516
414 4261 447 4271 —
466 4231 531 4287 ΒΗ
546 4231 603 4302 vgl.
622 4233 722 4286 Athen.
743 4233 804 4285 XIV
824 4251 849 4304 p.
867 4233 952 4289 6303

371 4468 390 4522 θ
408 4462 484 4535 ὢσηέ
501 4467 544 4520 M²
562 4462 630 4524 ὠσιέ
647 4468 692 4521 M*
708 4469 711 4536 Ι
728 4465 837 4536 είμιΜ2
855 4489 904 4537 ημι
916 4469 961 4522 Μ*
977 4471 980 4536 Ι
998 4470 1037 4524 10
1055 4466 1095 4539 έν]
1115 4464 1159 4524 ἐπ’
1171 4469 1218 4522 Ma
1233 4471 1237 4536 ί
1254 4469 1292 4524 Ιθ
1311 4464 1428 4538 ἀνέμοις
1445 4469 1477 4523 St
1493 4465 1594 4535 νόμοις

286 4553 335 4608 FM
351 4555 355 4620 Ι
372 4552 411 4607 64
430 4547 597 4624 ἀνθρώποις
614 4552 763 4606 Markland
781 4549 878 4618 αὐτοῖς
894 4553 944 4606 FM
960 4555 963 4621 Ι
980 4553 1017 4609 35
1036 4551 1196 4626 ἀριστίνδην
1215 4553 1257 4607 M¹
1275 4550 1439 4625 ἀριστείδην
1456 4553 1502 4606 M*
