3520 5480
335 429 396 490 290
925 419 1057 476 Clemens.

336 582 548 674 γινώσκομεν
578 575 633 653 ότι
664 586 701 652 έν
731 577 825 670 αύτῷ
857 587 965 668 ἐσμεν·
997 575 1016 652 ό
1043 588 1155 670 λέγων
1185 585 1223 651 έν
1253 579 1347 670 αύτῷ
1378 583 1491 672 μένειν
1522 577 1653 668 όφείλει

336 685 455 767 καθώς
478 680 632 764 κᾶκεῖνος
653 678 899 771 περιεπάτησεν
921 690 977 752 καλ
999 677 1102 764 αύτός
1123 699 1347 768 περιπατεῖν(

411 791 454 868 ’Ὠ
476 805 537 888 τῆς
558 807 723 888 μακαρίου
744 804 922 888 θρέμματα
941 805 1183 886 παιδαγωγίας·
1207 798 1247 869 τό
1270 797 1377 871 καλὸν
1399 803 1459 888 τῆς
1474 803 1654 888 ἐκκλησίας
1670 811 1719 862 ’.αἱ

336 898 574 988 πληρώσωμεν
610 895 798 988 πρόσωπον
833 905 887 970 καί
919 897 1005 984 πρός
1043 898 1107 986 τὴν
1143 895 1277 987 ἄγαθὴν
1312 893 1585 988 προσδράμωμεν
1623 904 1653 968 οί

302 996 455 1088 όνὴπιοι
485 1006 626 1088 μητέρα.
658 997 722 1070 κᾶν
754 993 917 1086 ἄκροαταί
948 1003 1011 1070 τοῦ
1042 994 1146 1086 λόγου
1177 997 1361 1086 γενώμεθα,
1391 997 1455 1086 τὴν
1485 1007 1656 1086 μακαρίαν

337 1094 532 1187 δοξάζωμεν
555 1101 763 1187 οἰκονομίαν,
789 1093 834 1170 δι’
858 1097 900 1188 ἣν
921 1102 1184 1186 παιδαγωγεῖται
1206 1103 1268 1185 μὲν
1294 1093 1312 1168 ὁ
1340 1095 1538 1186 ἄνθρωπος,
1562 1095 1654 1186 ἄχεά-

339 1207 428 1284 ζεται
451 1203 486 1268 δὲ
509 1193 556 1277 σός
578 1203 662 1268 θεοῦ
683 1203 834 1271 παιδίον,
861 1203 916 1268 καὶ
938 1195 1153 1267 πολιτεύεται
1179 1203 1240 1286 μὲν
1266 1201 1303 1267 ἐν
1325 1194 1481 1284 οὐρανοῖς
1508 1202 1564 1268 ἐπὶ
1596 1205 1654 1288 γῆ.1

337 1297 665 1386 παιδαγωγούμενος,
696 1304 827 1384 πατέρα
858 1301 893 1366 δὲ
920 1300 988 1366 ἐκεῖ
1017 1293 1185 1385 λαμβάνει,
1217 1289 1258 1366 όν
1288 1302 1343 1367 έπὶ
1379 1301 1438 1384 γῆς
1472 1295 1652 1383 μανθάνει.

338 1393 453 1467 πάντα
476 1391 494 1466 ό
518 1393 620 1486 λόγος
641 1404 697 1468 καὶ
719 1415 811 1470 ποιεῖ
823 1401 878 1467 καὶ
901 1392 1047 1468 διδάσκει
1069 1403 1125 1466 καί
1145 1402 1361 1484 παιδαγωγεῖ.
1404 1396 1509 1478 ίππος
1532 1395 1682 1485 ἄγεταιῖ

288 1519 321 1573 10
338 1501 476 1585 χαλινῷ,
499 1504 554 1566 καί
577 1503 701 1584 ταῦρος
717 1495 832 1585 ἄγεται
849 1501 949 1585 ζυγῷ,
965 1501 1090 1584 θηρίον
1104 1492 1217 1584 βρόχῳ
1233 1491 1412 1572 ἁλίσκεται,
1434 1491 1498 1566 όδ
1516 1495 1653 1583 ἄνθρω-

338 1623 404 1678 πος
424 1593 696 1684 μεταπλᾶσσεται
719 1592 821 1686 λόγῳ,
846 1587 874 1684 ηό
892 1602 996 1684 θηρία
1018 1591 1234 1665 τιθασεύεται
1256 1601 1311 1664 καί
1327 1593 1435 1684 νηκτᾶ
1458 1591 1651 1682 δελεάζεται

338 1701 394 1766 καί
415 1693 529 1784 πτηνᾶ
551 1693 782 1780 κατασύρεται.
814 1687 917 1778 οὗτος
940 1691 987 1776 οἷς
1009 1691 1150 1782 άληθῶς
1172 1691 1366 1780 τεχνάζεται
1382 1699 1476 1783 ίππῳ
1499 1693 1652 1784 χαλινόν.

340 1793 455 1884 ταύρῳ
488 1793 597 1884 ζυγόν.
628 1802 740 1884 θηρίω
768 1791 901 1882 βρόχον,
932 1790 1085 1882 κάλαμον
1107 1789 1207 1881 ἰχθύι,
1239 1791 1353 1884 πάγην
1383 1789 1506 1884 όρνέῳ·
1548 1787 1680 1876 οῦτοςὲῐ

338 1893 554 1967 πολιτεύεται
575 1901 632 1965 καί
655 1912 801 1982 γεωργεῖ,
825 1894 918 1982 ἄρχει
938 1899 994 1964 καί
1016 1888 1178 1980 ύπουργεῖ
1197 1903 1252 1964 καὶ
1286 1893 1327 1964 τό
1359 1887 1422 1966 όλα
1445 1900 1650 1982 δημιουργεῖ·

288 2075 321 2128 15
507 2048 544 2116 έν
566 2049 627 2133 μἐν
649 2063 747 2131 γαῖαν
770 2043 883 2129 ἔτευξ’,
906 2045 943 2114 έν
966 2039 998 2112 δ’
1023 2040 1178 2131 οῦρανόν,
1201 2048 1238 2113 έν
1261 2049 1297 2114 δὲ
1319 2041 1504 2126 θάλασσαν,

509 2149 546 2215 ἐν
568 2147 604 2213 δὲ
627 2143 669 2213 τά
692 2151 802 2232 τείρεα
824 2139 949 2226 πάντα
972 2140 1015 2214 τά
1038 2139 1071 2214 τ’
1093 2139 1238 2230 οῦρανός
1260 2140 1504 2230 ἐστεφάνωται.

340 2323 368 2362 ω
392 2301 465 2364 τῶν
458 2301 595 2364 θείων
618 2289 929 2420 δημιουργημάτων,
952 2285 980 2360 τῦ
1004 2301 1077 2363 τῶν
1100 2299 1206 2364 θείων
1228 2290 1533 2382 παραγγελμάτων·
1561 2289 1712 2380 ῦδωρνζε

342 2397 456 2467 τοῦτο,
484 2394 551 2462 ἐν
542 2397 649 2480 εαυτῴ
677 2399 880 2482 κυμαινέτω·
911 2399 978 2480 πῦρ
1009 2399 1125 2474 τοῦτο
1157 2420 1221 2481 την
1242 2385 1348 2481 όργὴν
1378 2400 1556 2482 ουνεχέτω,
1587 2392 1649 2482 όίγρ

341 2497 457 2576 τοῦτο,
481 2497 527 2573 είς
548 2494 669 2580 αἰθερα
691 2490 893 2564 πλανάσθω·
914 2519 956 2580 γη
979 2497 1014 2562 δε
1036 2497 1090 2562 καὶ
1113 2489 1282 2610 πεπὴχθω
1305 2499 1543 2580 καὶφερέοθω,
1568 2521 1651 2562 οταν

289 2608 323 2664 ‘20
341 2591 407 2680 ἐγω
430 2597 532 2661 θέλω.
556 2590 784 2678 ἄνθρωπον”
770 2620 819 2660 ετι
846 2587 970 2663 πλάσαι
1000 2589 1173 2679 βούλομαι·
1204 2585 1336 2680 ύλην”
1321 2619 1387 2678 εχω
1418 2592 1462 2662 τά
1492 2611 1649 2680 στοιχεῖα·

341 2697 487 2763 συνοικοῖ
511 2719 575 2780 μου
598 2698 647 2782 τῷ
671 2688 850 2781 πλάσματι.
893 2688 952 2762 ἐάν
983 2719 1021 2780 με
1045 2699 1219 2780 γνωρίσας,
1243 2689 1414 2762 δουλεύσει
1436 2716 1488 2761 σοι
1512 2691 1553 2762 τό
1576 2699 1649 2778 πῦρ.

340 2797 504 2872 τοσοῦτος
529 2787 548 2862 ό
572 2787 671 2880 λόγος
694 2784 796 2873 οὗτος
823 2785 841 2861 ό
864 2785 1128 2878 παιδαγωγός-ό
1159 2797 1222 2861 τοῦ
1249 2787 1376 2875 κόσμου
1405 2798 1460 2860 καί
1493 2797 1556 2864 τοῦ
1594 2787 1676 2862 civ-‘2

340 2890 488 2980 θροόπου
510 2890 711 2980 δημιουργός
732 2897 787 2960 καὶ
815 2885 860 2960 δι’
883 2885 989 2959 αύτόν
1015 2886 1079 2978 ἤδη
1106 2896 1161 2960 καὶ
1188 2895 1250 2960 τοῦ
1271 2886 1398 2979 κόσμου
1420 2887 1647 2978 παιδαγωγός·

342 2981 382 3060 οῦ
404 2997 447 3078 τῇ
469 2989 653 3077 ἐγκελεύσει
675 2991 778 3077 ἄμφω
801 2985 1051 3078 ουνεστὴκαμεν
1072 2997 1320 3076 προσμένοντες
1343 2987 1407 3078 τὴν
1428 2998 1547 3074 κρίσιν.
1594 2987 1649 3058 »ού

288 3105 322 3159 25
341 3089 403 3178 γάρ
425 3087 629 3161 ύπόκλοπον
645 3108 744 3177 φορεῖ
757 3100 908 3178 βροτοῖσι
932 3086 1115 3176 φωνάεντα
1131 3085 1235 3176 λόγον
1254 3090 1378 3174 ίέσται
1400 3085 1500 3178 λόγος
1516 3097 1645 3176 σοφίαι

342 3186 389 3270 τός
421 3213 500 3277 φησι
525 3196 743 3277 Βακχυλίδης.
786 3188 829 3258 τό
852 3194 887 3258 δὲ
913 3187 1086 3277 »ἄμεμπτα
1108 3195 1162 3259 καί
1185 3185 1323 3275 ἄκέραια
1354 3195 1409 3259 καί
1440 3187 1563 3278 ἄμωμα
1587 3195 1677 3260 τοῦ3

340 3293 441 3357 θεοῦ(
460 3290 547 3359 κατά
564 3290 626 3360 τόν
646 3297 784 3360 Παῦλον
802 3293 924 3358 »τέκνα
945 3294 1048 3376 μέσον
1070 3293 1185 3376 γενεᾶς
1201 3295 1336 3370 σκολιᾶς
1357 3291 1413 3360 καὶ
1435 3294 1647 3378 διεστραμμέ-

342 3416 400 3475 νης
423 3385 620 3476 φωστήρων
639 3396 643 3476 1
664 3395 760 3477 δίκην
782 3393 819 3458 έν
841 3384 958 3477 κόσμῳ
981 3395 1173 3474 φαίνεσθει.
1663 3395 1729 3452 311P

415 3497 516 3591 Ὅπερ
549 3499 611 3574 οὖν
643 3502 765 3576 λοιπόν
796 3507 849 3574 ἐπὶ
874 3501 1013 3591 τοιαύτη
1036 3501 1220 3594 πανηγύρει
1245 3502 1447 3592 τοῦλόγου,
1480 3511 1532 3594 τῷ
1557 3503 1647 3593 λόγῳ
1667 3515 1728 3570 ναί

287 3621 323 3675 30
340 3605 619 3692 προσευξώμεθα·
665 3609 758 3676 ἵλαθι
781 3622 853 3685 τοῖς
876 3622 954 3686 σοῖς,
976 3607 1182 3692 παιδαγωγέ,
1213 3609 1369 3688 παιδίοις,
1392 3599 1514 3692 πατήρ,
1538 3599 1647 3693 ἡνίοχε

428 3861 441 3914 λ
464 3859 519 3929 vgl.
539 3858 610 3914 Phil.
629 3861 652 3923 3,
671 3860 704 3914 20
716 3888 749 3897 —
766 3859 859 3915 0-18
876 3859 998 3928 Apostol.
1018 3857 1041 3910 X
1061 3858 1131 3920 ÷8b3
1150 3861 1244 3912 Arsen.
1257 3857 1402 3914 xxxlvs
1419 3887 1452 3898 -
1473 3858 1535 3914 151
1550 3859 1579 3912 Σ
1593 3860 1649 3913 483.

339 3943 390 3998 485
417 3973 449 3982 -
477 3944 538 3998 m
562 3941 745 4011 Bakchylides
764 3943 806 3997 Fr.
833 3945 866 3998 29
885 3943 962 3996 Blass
989 3945 1032 4009 (25
1050 3942 1163 4010 Bergk⁴)
1190 3972 1221 3981 -
1250 3943 1363 4000 2648
1390 3944 1446 4013 vgl.
1472 3943 1545 3997 Phil.
1572 3943 1596 4006 2,
1620 3945 1649 3997 15

339 4028 430 4094 (Dent.
448 4029 489 4090 32,
508 4033 533 4084 5¹

425 4253 442 4308 θ
459 4252 617 4322 δοξάζομεν
635 4255 655 4307 F
672 4256 675 4322 Ι
694 4255 707 4308 ί
729 4252 775 4309 ἐπί
793 4255 882 4323 Heyse
895 4251 952 4310 ἀπό
967 4255 987 4306 P
1004 4259 1006 4322 ί
1026 4256 1062 4309 19
1081 4253 1177 4322 τοῦτο]
1197 4241 1281 4318 οὗτος
1293 4253 1328 4320 Sy
1343 4255 1347 4320 l
1364 4255 1404 4309 λθ
1422 4255 1497 4320 (καίὶ
1509 4253 1648 4326 βούλομαι

340 4353 374 4405 p2
390 4354 393 4418 ι
410 4351 446 4407 ει
476 4351 540 4422 περ]
560 4357 616 4406 πᾶν
634 4351 781 4406 εεειειιια
804 4353 808 4418 ε
834 4353 873 4408 ελ
899 4361 943 4418 τοι
962 4351 1000 4420 (ηε
1017 4351 1046 4403 in
1064 4351 1136 4410 αα.)
1155 4350 1190 4402 εν
1205 4351 1209 4416 ι
1226 4351 1263 4405 ετ
1287 4337 1365 4404 επεὶ
1383 4349 1407 4416 (ε
1425 4349 1586 4414 ubergeseh.
1605 4349 1647 4414 ει)

339 4437 426 4506 λόγος
444 4438 465 4490 Ρ
484 4431 542 4492 ἔστι
560 4439 588 4492 δὲ
606 4435 692 4505 λόγος
710 4453 753 4489 am
772 4437 851 4490 Rand
877 4436 912 4490 Ρ2
939 4429 1026 4505 [ἔσται
1044 4433 1138 4504 λόγος]
1158 4435 1232 4488 Neue
1250 4431 1408 4508 θεσπιῳδὸς
1425 4433 1504 4488 Schw
1524 4429 1553 4498 ές
1569 4431 1648 4495 τέλος

342 4521 462 4588 wi12ss
481 4522 648 4592 βακχνλίδης
665 4520 685 4573 F
703 4523 886 4590 βακχελλίδης
904 4520 955 4573 ΡΜ
970 4522 974 4587 ί
991 4521 1030 4574 ‘28
1050 4521 1202 4588 φαίνεσθαι
1218 4521 1239 4572 F
1257 4521 1388 4588 φαίνεται
1400 4519 1435 4587 Sy
1452 4517 1512 4585 180
1530 4533 1644 4588 πρόσει·

340 4604 460 4673 ξώμεθα
479 4607 499 4659 F
518 4605 736 4676 προσευξόμεθα
755 4607 805 4659 ΡΜ
