3520 5480
320 452 380 514 300
912 445 1046 500 Clemens.

406 620 452 692 10,
473 619 513 681 28
537 607 699 698 Κλάριον]
726 604 859 694 Κλάρος
881 614 1094 694 Κολοφῶνος
1115 605 1224 688 πόλις.
1258 601 1343 678 ὅθεν
1372 601 1415 697 ἦν
1439 616 1632 701 Νίκανδρος
1745 603 1746 646 ³

320 703 339 778 ό
362 707 515 798 ποιητής.
538 713 599 778 ΡΜ

405 821 450 880 11.
474 822 488 880 1
514 814 666 898 Διδυμέα]
687 813 723 879 ἐν
740 807 883 898 Μιλήτῳ
898 806 995 880 πόλει
1011 815 1072 897 τῆς
1089 815 1215 896 Καρίας
1231 815 1397 897 Διδυμέως
1412 803 1632 891 Ἀπόλλωνός
1745 827 1746 880 3

319 912 390 979 ἐστι
411 927 580 997 μαντεῖον.
603 913 665 978 ΡΜ

285 1023 301 1074 5
402 1003 602 1097 Ἀμφιάρεω]
626 1007 739 1096 ἐπειδὴ
761 1015 837 1094 περὶ
860 1006 901 1078 τὸ
916 1000 1022 1097 Ἅρμα
1045 1013 1106 1097 τῆς
1129 1015 1302 1092 Βοιωτίας
1324 1006 1436 1080 τόπον
1458 1001 1557 1080 οὕτω
1578 1037 1633 1079 κα-

320 1105 486 1196 λούμενον
508 1113 718 1188 καταποθείς
738 1103 947 1196 Ἀμφιάρεως
977 1106 1179 1197 ἐμαντεύετο
1211 1127 1283 1190 τοῖς
1310 1112 1496 1197 δεομένοις·
1541 1114 1634 1180 πᾶσα
1745 1167 1746 1206 η

320 1212 355 1277 δὲ
376 1215 518 1295 μαντεία
540 1213 586 1290 είς
609 1205 672 1278 τὸν
691 1203 891 1279 Ἀπόλλωνα
913 1205 1125 1294 ἀναφέρεται.
1148 1212 1208 1276 ΡΜ

401 1305 465 1378 τὸν
487 1303 653 1393 Ἀπόλλω]
679 1313 741 1379 τοῦ
763 1314 799 1376 ἐν
816 1303 958 1395 Μιλήτῳ
972 1302 1201 1389 Ἀπόλλωνος·
1225 1299 1328 1390 οὗτος
1350 1306 1411 1396 γάρ
1434 1303 1504 1377 άπὸ
1522 1303 1635 1378 τόπου
1745 1319 1746 1392 ]

321 1410 536 1491 Κολοφῶνος
558 1409 721 1476 ἐκαλεῖτο.
744 1410 805 1474 ΡΜ
1745 1405 1746 1410 ’

269 1515 302 1568 10
406 1517 452 1582 11,
476 1517 493 1576 2
518 1501 802 1596 τερατοσκόπους]
828 1501 985 1592 Καρανός
1008 1535 1060 1589 τις
1080 1502 1224 1594 Ἀργεῑος
1251 1510 1305 1578 ἐπὶ
1328 1500 1500 1594 ὀχήματος
1524 1511 1633 1592 αίγῶν

319 1603 406 1675 κατὰ
428 1602 578 1694 χρησμὸν
600 1607 645 1686 είς
668 1611 884 1677 Μακεδονίαν
906 1613 1109 1695 μετῳκίσθη.
1134 1611 1193 1674 ΡΜ

405 1714 490 1786 11,8
523 1706 621 1793 αἶγες]
659 1711 804 1794 Καρανῶ
836 1712 887 1795 τῷ
918 1702 1115 1787 Ποιάνθους
1145 1708 1208 1795 υίῴ
1239 1710 1274 1791 ἐξ
1299 1699 1436 1791 Ἄργους
1466 1711 1632 1792 μέλλοντι
1745 1713 1746 1756 f

319 1800 478 1876 άποικίαν
507 1810 663 1876 στέλλειν
692 1807 745 1874 ἐπί
777 1810 993 1876 Μακεδονίαν
1024 1809 1069 1887 είς
1097 1805 1247 1890 Δελφοὺς
1276 1799 1416 1875 ἐλθόντι
1449 1800 1631 1892 ἔχρησενό
1745 1837 1746 1888 ]

318 1898 495 1976 Ἀπόλλων

268 2061 300 2113 15
487 2033 623 2125 φράζεο,
648 2041 695 2106 δίε
721 2043 863 2124 Καρανέ,
889 2035 958 2124 νόῳ
983 2031 1011 2105 δ’
1034 2035 1116 2124 ἐμὸν
1139 2041 1239 2108 ἔνθεο
1261 2043 1387 2126 μῦθον·

486 2131 841 2225 ἐκπρολιπῶνἎργος
864 2165 902 2207 τε
923 2143 977 2206 καὶ
998 2131 1139 2208 Ἑλλάδα
1162 2135 1402 2224 καλλιγύναικα

486 2235 588 2324 χῶρει
608 2235 695 2324 πρὸς
716 2235 827 2324 πηγάς
851 2235 1081 2325 Ἁλιάκμονος·
1126 2237 1212 2306 ένθα
1234 2232 1266 2304 δ’
1290 2233 1333 2306 άν
1355 2237 1450 2323 αἶγας

486 2342 691 2423 βοσκομένας
713 2340 823 2424 ἐσίδης
844 2343 996 2426 πρῶτον,
1020 2335 1100 2408 τότε
1123 2365 1178 2406 τοι
1198 2334 1310 2424 χρεῶν
1332 2339 1424 2405 ἐστιν

486 2433 645 2523 ζηλωτὸν
669 2442 774 2507 ναίειν
798 2432 905 2507 αὐτόν
927 2434 1048 2524 γενεάν
1069 2466 1107 2507 τε
1130 2431 1319 2523 πρόπασαν.

267 2591 301 2644 20
319 2569 355 2638 ἐκ
378 2565 418 2656 δὴ
442 2573 504 2638 τοῦ
525 2575 674 2656 χρησμοῦ
696 2565 955 2658 προθυμότερος
977 2567 1157 2657 γενόμενος
1180 2563 1231 2656 <ό>
1260 2565 1422 2656 Καρανός.
1455 2565 1519 2638 σύν
1543 2589 1629 2637 τισιν
1745 2609 1746 2612 ¹

311 2661 472 2755 Ἕλλησιν
494 2664 654 2739 άποικίαν
677 2665 906 2756 στειλάμενος,
930 2669 1047 2740 ἐλθῶν
1070 2673 1116 2750 είς
1138 2675 1353 2740 Μακεδονίαν
1375 2668 1504 2738 ἔκτισεν
1525 2663 1628 2737 πόλιν
1745 2663 1746 2712 ³

318 2773 374 2839 καὶ
408 2763 620 2839 Μακεδόνων
650 2772 859 2850 ἐβασίλευσεν
889 2777 944 2839 καὶ
976 2767 1040 2856 τὴν
1070 2763 1241 2855 πρότερον
1275 2773 1489 2856 καλουμένην
1521 2761 1626 2836 ’Ἐδεσ-

319 2890 381 2939 σαν
411 2863 514 2939 πόλιν
537 2867 642 2956 Αἰγάς
674 2864 913 2957 μετωνόμασεν
943 2863 1012 2940 άπὸ
1044 2875 1117 2938 τῶν
1139 2873 1254 2956 αἰγῶν.
1296 2863 1419 2956 ῶκείτο
1442 2871 1478 2936 δὲ
1502 2865 1543 2937 τὸ
1567 2896 1626 2938 πα·

319 2965 416 3038 λαιόν
440 2961 460 3056 ἡ
477 2963 612 3038 Ἔδεσσα
643 2964 710 3037 άπὸ
736 2974 879 3056 Φρυγῶν
909 2973 964 3037 καὶ
988 2975 1111 3039 Λυδῶν
1140 2973 1196 3038 καὶ
1223 2974 1297 3038 τῶν
1318 2966 1402 3055 μετὰ
1424 2971 1538 3038 Μιδου
1560 2974 1626 3038 δια-

266 3088 300 3144 25
316 3073 554 3156 κομισθέντων
577 3069 622 3149 είς
644 3065 709 3156 τὴν
727 3063 903 3155 Εὐρώπην.
941 3072 1049 3138 ταῦτα
1064 3065 1250 3156 Εὐφορίων
1273 3073 1401 3154 ἱστορεῖ
1420 3070 1458 3136 ἐν
1472 3073 1517 3154 τῇ
1530 3061 1626 3155 Ἱστίη

317 3175 372 3236 καὶ
396 3173 446 3255 τῶ
469 3162 590 3255 Ἰνάχῳ.
614 3170 673 3235 ΡΜ

402 3278 449 3351 11,
472 3279 490 3338 9
512 3263 665 3352 κόρακες]
690 3271 841 3336 Βοιωτοί
863 3263 1110 3354 πολεμούμενοι
1132 3263 1200 3339 ὑπὸ
1226 3271 1384 3337 Αἰολέων
1405 3267 1529 3351 ἔλαβον
1550 3291 1626 3353 χρη·
1745 3279 1746 3314 1

317 3362 410 3453 σμόν,
434 3371 462 3435 εί
477 3370 529 3436 δεῖ
540 3375 714 3454 πολεμεῖν·
736 3359 755 3436 ό
772 3371 807 3436 δὲ
821 3361 999 3436 Ἀπόλλων
1014 3365 1108 3436 εἶπεν
1126 3361 1253 3449 αότοῑς·
1277 3359 1363 3436 όταν
1377 3367 1471 3454 ’ίδητε
1487 3365 1627 3445 λευκοὺς

317 3462 473 3552 κόρακας,
505 3462 586 3537 τότε
616 3462 839 3554 πολεμήσατε.
881 3462 968 3536 κατά
1000 3494 1076 3537 τινα
1107 3472 1143 3537 δὲ
1172 3470 1293 3554 καιρόν
1322 3471 1393 3539 νέοι
1422 3468 1513 3546 τινἐς
1539 3463 1627 3534 κατὰ

266 3587 299 3640 30
316 3562 456 3636 παιδιάν
478 3563 698 3652 γυψώσαντες
718 3561 866 3652 κόρακας
890 3561 1026 3653 άφῆκαν
1048 3568 1219 3637 ἵπτασθαι.
1257 3571 1455 3655 νομίσαντες
1476 3569 1627 3634 Βοιωτοὶ

317 3669 421 3734 τοῦτο
453 3663 517 3736 τὸν
547 3661 696 3752 χρησμόν
727 3670 854 3753 δηλοῦν
885 3662 1083 3748 ἐξελθόντες
1112 3669 1322 3753 ἐπολέμησαν
1352 3671 1405 3734 καὶ
1430 3661 1627 3746 άπῶλοντο,

316 3757 401 3834 όθεν
429 3771 484 3832 καὶ
506 3758 526 3853 ἦ
547 3772 710 3849 παροιμία
734 3767 766 3844 ἒς
788 3759 935 3850 κόρακας
956 3759 1032 3834 άντὶ
1056 3769 1119 3834 τοῦ
1145 3769 1191 3846 είς
1220 3759 1407 3834 άπῶλειαν·
1451 3770 1508 3833 καὶ
1531 3755 1625 3833 οότω

316 3867 473 3951 μαντικοὶ
495 3859 636 3950 κόρακες
658 3867 893 3952 ἐνομίσθησαν.
916 3867 979 3932 ΡΜ

402 3975 448 4046 11,
474 3975 509 4033 11
533 3957 752 4050 Ἀλκιβιάδην]
776 3953 878 4044 οὗτός
899 3967 992 4033 ἐστιν
1007 3957 1221 4050 Ἁλκιβιάδης,
1244 3955 1263 4032 ό
1281 3967 1440 4033 Κλεινίου
1459 3965 1522 4046 μὲν
1536 3979 1626 4043 παῖς,

263 4085 297 4138 35
315 4059 526 4152 Σωκράτους
548 4067 583 4133 δέ
606 4062 783 4150 ἐρῶμενος,
807 4052 847 4132 οὗ
869 4069 924 4132 καὶ
948 4067 983 4133 ἐν
1006 4068 1056 4150 τῶ
1079 4070 1266 4151 Συμποσίῳ
1288 4057 1438 4132 Πλάτων
1459 4067 1626 4149 μέμνηται

384 4233 497 4288 12-28
515 4231 674 4303 Euphon‘on
685 4231 729 4284 Fr.
747 4233 781 4286 24
799 4231 926 4286 Meineke
944 4231 1035 4298 (Anal.
1054 4231 1131 4285 Alex.
1150 4247 1176 4300 p.
1195 4233 1237 4299 59)
1256 4261 1288 4269 -
1308 4230 1421 4286 15-19
1439 4229 1517 4285 Orm
1531 4229 1574 4284 Fr.
1592 4233 1625 4286 46

315 4317 437 4373 Hendess
450 4349 482 4356 -
496 4317 609 4372 27-82
623 4316 678 4385 vgl.
692 4315 814 4386 Apostol.
826 4315 876 4369 vll
888 4317 922 4372 96
934 4346 966 4355 -
980 4315 1079 4372 85-8.
1093 4315 1161 4380 891,
1175 4316 1192 4371 2
1211 4315 1266 4384 vgl.
1278 4315 1360 4370 Plato
1372 4315 1462 4385 Symp.
1475 4331 1502 4384 p.
1515 4315 1568 4369 212
1579 4315 1624 4368 OD

400 4468 444 4525 81
458 4468 567 4523 bezieht
585 4467 642 4521 sich
661 4467 710 4521 auf
727 4464 855 4537 Κλάριον
870 4466 908 4534 18
928 4459 1018 4531 οὕτως
1037 4465 1171 4528 Wenhzel,
1189 4457 1360 4534 ’Καικλὴσεις
1376 4469 1455 4520 θεῶν
1469 4465 1543 4520 Goth
1559 4465 1623 4520 1889

315 4552 365 4605 VII
391 4569 417 4622 p.
435 4554 469 4608 26
492 4557 496 4620 Ι
522 4553 560 4608 18
576 4551 662 4622 χρεόν
682 4552 732 4605 ΡΜ
747 4552 752 4619 Ι
769 4552 808 4606 20
827 4547 871 4618 <δ>
890 4551 937 4604 Wi
952 4555 956 4613 Ι
972 4550 1011 4606 28
1029 4544 1112 4622 αἶγας
1124 4551 1175 4604 ΡΜ
1191 4551 1195 4618 ]
1212 4550 1271 4605 251
1291 4541 1374 4624 Ἱστίη
1392 4551 1498 4620 καὶτῷ
1516 4544 1621 4622 Ἰνάχῳ]

308 4629 425 4712 Ἱστιαίῳ
443 4633 461 4704 ἢ
479 4630 575 4708 Ἰνάχῳ
594 4635 693 4704 Bergk,
712 4635 810 4704 Opusc.
829 4637 853 4689 II
872 4653 897 4706 p.
915 4637 966 4691 218
