3520 5480
307 416 367 480 296
890 417 1023 472 Clemens.

306 579 451 664 γένηται,
476 579 633 662 δελφῖνος
650 573 788 648 τούτων
801 572 1020 663 άκούσαντος.
1057 579 1105 663 ῶς
1120 581 1183 670 γάρ
1196 581 1280 672 μετά
1297 582 1362 672 τῆν
1376 581 1473 674 φ’δῆν
1488 579 1620 674 άφῆκεν

306 673 393 745 κατά
416 681 476 764 τῆς
499 673 675 763 θαλάττης
697 673 835 761 ἑαυτόν,
868 698 939 761 τοῖς
962 681 1088 765 νώτοις
1110 677 1130 752 ά
1152 687 1269 768 δελφὶς
1290 679 1543 771 ῦποδεξάμενος
1564 691 1618 752 καλ

308 771 422 862 δίσπερ
452 773 578 865 μισθὸν
608 771 703 866 αύτῷ
735 781 796 865 τῆς
827 785 978 867 τέρψεως
1010 776 1160 863 άποδούς
1191 786 1247 853 έπὶ
1278 781 1318 854 τὸ
1354 790 1526 870 Ταίναρον
1561 789 1620 871 τῆς
1741 827 1742 830 ¹

307 881 509 963 Λακωνικῆς
540 870 750 963 άπεκόμιζεν,
783 869 867 948 ὅθεν
896 885 953 948 καὶ
983 885 1046 949 νῦν
1076 899 1216 969 μνημεῖα
1239 887 1301 952 τοῦ
1322 877 1402 952 τότε
1425 879 1620 970 συμβάντος
1741 943 1742 976 ,

272 977 342 1042 δέν
369 972 521 1064 Ταινάρῳ
545 972 766 1062 φυλάττεται·
788 983 937 1065 χαλκοῦν
958 977 1020 1066 γάρ
1043 974 1150 1050 αύτόν
1171 979 1256 1069 μετὰ
1278 987 1341 1052 τοῦ
1363 989 1524 1068 δελφῖνος
1548 978 1620 1054 ἇνέ-

306 1084 427 1162 θηκαν.
449 1078 509 1143 ΡΜ

390 1185 416 1256 3,
440 1187 458 1246 5
501 1174 612 1262 ίχθῦν]
636 1175 700 1246 τὸν
722 1180 863 1262 δελφῖνα
885 1171 904 1248 ὁ
926 1173 1057 1265 Ἀρίων.
1078 1182 1140 1246 ΡΜ

390 1285 417 1358 3,
439 1285 458 1345 6
482 1273 638 1365 Θρᾴκιος]
660 1269 837 1363 Ὀρφεῦςδ
865 1274 963 1366 Θρᾴξ.
989 1281 1051 1345 ΡΜ

389 1372 553 1461 σοφιστῆς
574 1369 748 1446 άπατεῶν·
786 1381 872 1463 λέγει
895 1380 930 1445 δὲ
952 1375 1015 1446 τὸν
1034 1372 1161 1463 Ὀρφέα.
1184 1381 1245 1446 ΡΜ

255 1485 288 1536 10
389 1483 417 1556 3,
439 1483 456 1544 S
501 1470 659 1560 άδελφόν]
684 1467 804 1561 ὅμοιον
826 1472 868 1544 τὸ
891 1480 994 1563 γένος.
1017 1480 1077 1551 ΡΜ

390 1581 416 1655 3,
439 1581 457 1642 9
503 1565 668 1661 Εὔνομον]
693 1579 824 1661 λέγεται
838 1582 915 1661 περὶ
931 1570 1097 1664 Εῦνύμου,
1121 1567 1176 1646 ὅτι
1196 1581 1320 1666 χορδῆς
1342 1574 1435 1666 αύτῷ
1460 1580 1619 1668 ῥαγείσης

307 1675 443 1759 τέττιγα
465 1680 644 1762 πληρῶσαι
666 1671 707 1744 τὸ
728 1679 837 1761 μέλος.
859 1677 920 1742 ΡΜ

389 1782 415 1853 3,
438 1777 480 1842 ef
518 1769 685 1860 Πυθικόν]
708 1771 772 1844 τὸν
794 1777 832 1843 έν
854 1779 897 1862 τῆ
919 1780 1035 1844 Πυθοῖ
1055 1781 1215 1860 φανέντα.
1240 1781 1299 1846 ΡΜ

390 1881 478 1952 3,10
522 1868 694 1958 δράκοντι]
717 1867 879 1958 δράκοντι
901 1865 994 1944 οῦτω
1016 1880 1190 1963 κληθέντι,
1214 1871 1272 1960 άφ’
1295 1867 1335 1945 οῦ
1361 1883 1414 1944 καὶ
1432 1872 1451 1963 ῆ
1469 1882 1618 1962 Δελφῶν
1741 1909 1742 1966 e

256 1981 289 2035 15
306 1965 406 2052 πόλις
436 1971 544 2041 Πυθῶ
574 1976 744 2060 κέκληται.
796 1963 899 2055 οῦτος
929 1978 966 2043 δέ
995 1977 1088 2044 ἔστιν
1119 1969 1138 2044 δ
1174 1971 1311 2061 δράκων
1341 1969 1360 2046 ῦ
1390 1979 1618 2062 ἐπιπεμφθεὶς
1741 1981 1742 2020 1

305 2074 367 2156 μὲν
388 2077 431 2156 τῆ
454 2079 565 2158 Λητοῖ
583 2066 650 2141 ῦπὸ
666 2065 767 2160 Ἥρας
789 2076 971 2160 δειμαίνειν
994 2069 1115 2161 αύτῆν,
1138 2070 1329 2160 άναιρεθελς
1350 2078 1385 2143 δὲ
1408 2069 1476 2145 ύπῦ
1498 2071 1616 2148 Ἀπόλ-

306 2175 425 2250 λωνος.
448 2175 509 2238 ΡΜ

255 2476 290 2530 20
305 2463 436 2554 χορδάς.
478 2467 584 2556 μαγάς
607 2474 642 2539 δὲ
664 2475 795 2558 λέγεται
817 2467 857 2540 τὸ
880 2473 1091 2557 ἐπικείμενον
1113 2468 1216 2554 ξύλον
1238 2467 1323 2560 άμφὶ
1338 2477 1390 2560 τῷ
1404 2479 1617 2559 χελωνοειδεῖ

305 2572 396 2656 μέρει
417 2573 478 2656 τῆς
508 2564 652 2657 κιθάρας
675 2561 751 2639 ὄντι
772 2576 880 2658 κοίλῳ
912 2575 974 2642 τοῦ
1006 2566 1145 2660 άπηχεῖν
1173 2568 1280 2658 χάριν,
1310 2562 1560 2660 ᾦέδράςονται
1583 2575 1614 2641 αἱ

305 2671 421 2754 χορδαὶ
443 2667 529 2756 πρὸς
551 2666 592 2738 τὸ
614 2664 755 2758 άντικρῦ
775 2675 876 2756 μέρος
892 2663 1171 2759 άπευθυνόμεναι.
1208 2664 1276 2740 άπὸ
1299 2675 1335 2739 δὲ
1356 2675 1421 2742 τοῦ
1440 2678 1615 2758 χελωνοει-

308 2771 385 2848 δοῦς
408 2765 536 2839 τούτου
556 2773 677 2858 μέρους
698 2774 860 2856 κέκληται
882 2777 936 2840 καὶ
959 2761 980 2858 ῆ
1002 2767 1127 2856 κιθάρα
1149 2768 1283 2858 χελώνη
1299 2761 1419 2839 άπασα.
1457 2777 1539 2855 φασὶ
1554 2769 1615 2858 γάρ

307 2863 370 2937 τὸν
391 2861 547 2938 Ἀπόλλω
570 2875 714 2957 πρῶτον
736 2864 933 2956 εῦρίσκοντα
956 2869 1021 2958 τῆν
1042 2865 1192 2960 κιθάραν
1215 2873 1251 2939 ἐκ
1272 2867 1424 2957 χελώνης
1446 2862 1616 2956 ὀστράκου

256 2976 289 3029 25
308 2963 435 3055 ταύτην
457 2963 677 3057 άρμόσασθαι.
700 2972 777 3038 ΡῚΜ

388 3077 417 3146 3,
443 3077 480 3138 19
523 3075 682 3155 χαλκοῦν]
712 3073 858 3157 χαλκοῦς
887 3066 950 3156 γὰρ
972 3067 1091 3138 ἵστατο
1115 3071 1152 3138 έν
1175 3073 1320 3154 Δελφοῖς
1342 3057 1444 3151 οὗτος
1466 3063 1486 3138 ῦ
1510 3059 1616 3138 Μῦνο-

305 3191 368 3251 μος
389 3163 536 3254 κιθάραν
558 3174 834 3256 διηγκυλωμένην
865 3176 921 3238 καὶ
951 3171 1005 3238 ἐπὶ
1028 3175 1070 3255 τῆ
1092 3164 1220 3260 κιθάρα
1241 3165 1306 3238 τὸν
1327 3173 1465 3256 τέττιγα
1487 3173 1615 3255 φέρων·

306 3267 352 3344 είς
374 3257 415 3333 ῦν
436 3273 491 3336 καὶ
514 3273 612 3338 ταυτί
635 3265 678 3337 τά
701 3275 913 3354 στιχελεγεῖα·
954 3263 1140 3356 νΕῦνομον,
1164 3265 1337 3346 άιπολλον,
1369 3265 1409 3336 σῦ
1429 3271 1491 3355 μέν
1512 3264 1616 3338 οἶσθά

305 3390 361 3449 με(
385 3371 440 3434 καὶ
464 3368 544 3454 ἑξῆς.
568 3370 647 3435 ΡῚΜ

253 3469 289 3525 30
390 3475 417 3548 3,
440 3475 478 3537 23
522 3473 574 3554 Πῆ
597 3465 637 3554 δὴ
661 3457 732 3553 οῦν]
757 3518 853 3538 .....
875 3483 948 3548 τοῖς
966 3462 1125 3547 έκτόποις
1140 3463 1310 3537 πιστεύειν
1325 3469 1498 3552 διέγνωτε·
1528 3461 1616 3551 μόνη·

307 3569 342 3634 δὲ
364 3559 442 3654 ῦμῖν
465 3561 484 3654 ῆ
506 3561 650 3654 άλῆθεια
673 3564 843 3647 δύστοπος
864 3571 997 3654 λέγεται
1018 3572 1074 3636 καὶ
1097 3565 1240 3648 ἄπιστος
1261 3571 1420 3652 κέκριται.
1443 3567 1520 3633 ΡῖΜ

390 3675 418 3746 3,
440 3675 480 3737 26
523 3665 702 3751 Κιθαιρῶν
732 3669 768 3734 δὲ
798 3663 863 3752 άρα
894 3671 950 3734 καὶ
970 3659 1121 3750 Ἑλικῶν]
1153 3658 1214 3754 ῦρη
1245 3659 1339 3735 οῦτω
1366 3661 1559 3749 καλούμενα
1582 3667 1617 3732 έν

307 3771 468 3855 Βοιωτία.
490 3771 551 3834 ΡΜ

388 3859 564 3952 Ὀδρυσῶν]
588 3861 737 3954 Ὀδρύσαι
760 3871 858 3952 γένος
883 3870 1036 3956 θρᾳκῶν.
1059 3868 1120 3932 ΡΜ

253 3965 288 4021 35
388 3975 417 4046 4,
439 3974 457 4036 3
501 3960 655 4052 γεγόνασι
679 3960 841 4052 δράματα]
864 3969 920 4034 καλ
942 3961 1004 4051 γάρ
1026 3967 1063 4033 έν
1084 3969 1147 4052 μέν
1162 3970 1355 4053 Κιθαιρῶνι
1376 3969 1431 4033 καὶ
1449 3957 1616 4044 Ἑλικῶνι,

304 4059 385 4133 καθ’
416 4059 585 4150 άΔελφοὶ
615 4059 864 4151 ῦποκάθηνται,
895 4057 1072 4149 ῦδράκων
1102 4057 1170 4134 ῦπὸ
1193 4059 1410 4144 Ἀπόλλωνος
1441 4067 1616 4148 τοξευθεὶς

390 4218 454 4277 281
468 4219 581 4274 Anthol.
601 4218 688 4275 Palae.
707 4218 746 4273 IX
763 4221 828 4282 5843
845 4221 902 4288 vgl.
921 4216 1079 4280 Buecheler,
1098 4217 1149 4272 Rh.
1168 4217 1237 4272 Μαι.
1255 4216 1290 4271 38
1306 4217 1395 4286 (1883]
1413 4216 1440 4270 S.
1459 4217 1508 4272 132

391 4355 406 4408 l
426 4357 478 4423 τὴν
497 4347 570 4430 φ’δῆν
588 4385 620 4394 -
640 4355 659 4412 3
677 4346 775 4426 ὥσπερ
794 4353 899 4409 unleeb.
918 4353 959 4420 Ρ]
976 4353 994 4408 3
1012 4344 1109 4425 ὥσπερ
1128 4352 1234 4420 μισθὸν
1254 4351 1298 4406 Wi
1317 4349 1423 4421 μισθὸν
1440 4342 1540 4420 ὥσπερ
1559 4350 1590 4404 Μ

303 4435 337 4492 τὸ
358 4439 499 4509 Ταίναρον
517 4469 550 4478 -
569 4439 587 4495 5
606 4435 636 4494 έν
657 4437 777 4495 Ταινά-
797 4436 936 4492 unleeb.P
952 4439 989 4504 15
1009 4435 1141 4492 αὐτὸν-
1154 4435 1298 4506 ἀνέθηκαν
1316 4435 1421 4491 υιιΙεελι.
1434 4435 1475 4502 ΡΙ
1493 4435 1526 4490 11
1549 4429 1613 4504 [ὅτι]

304 4521 339 4576 Di
354 4525 358 4589 Ι
375 4523 488 4580 18-23
506 4542 557 4578 nur
574 4524 681 4594 wenige
699 4523 796 4578 Worte
813 4521 905 4576 leeber
922 4521 943 4573 P
959 4523 964 4587 Ι
981 4521 1017 4577 33
1038 4518 1085 4576 ἐπὶ
1103 4528 1136 4590 τῇ
1154 4552 1188 4560 -
1205 4522 1242 4579 31
1263 4519 1389 4592 κέκριται
1407 4519 1489 4574 meist
1508 4518 1614 4574 unleeb.

304 4608 401 4676 Ρ13θ
420 4615 491 4662 etwa
514 4613 544 4665 15
562 4609 673 4663 Buehst.
693 4607 797 4663 unlesb.
816 4607 844 4659 Μ

389 2279 477 2344 316
522 2277 573 2359 τῷ
607 2277 706 2359 ζυγῷ]
731 2268 831 2359 ζυγὸν
854 2268 917 2342 τὸν
938 2276 999 2360 τῆς
1020 2267 1164 2358 κιθάρας
1186 2278 1273 2360 λέγει
1294 2278 1405 2361 πῆχυν
1432 2270 1511 2362 παρ’
1536 2267 1616 2346 ῦσον
1741 2319 1742 2356 3

306 2361 374 2436 άπὸ
396 2373 458 2456 τῆς
481 2366 629 2457 μαγάδος
659 2372 714 2441 ἐπὶ
744 2369 786 2440 τὸ
810 2371 926 2458 ἕτερον
947 2369 1053 2458 άκρον
1074 2375 1137 2460 τῆς
1158 2369 1303 2459 κιθάρας
1325 2369 1534 2459 έπιζεύγνυσι
1555 2372 1615 2455 τάς
1741 2391 1742 2394 ’
