3510 5474
307 450 365 510 176
888 439 1022 494 Clemens.

305 603 571 692 ἄνθρωποςκαὶ
593 597 712 683 αύτός·
742 610 798 673 καὶ
825 598 1003 692 εύλόγησέν
1025 631 1061 691 γε
1084 601 1147 673 τόν
1169 604 1279 686 οἶνον,
1312 603 1434 674 είπών·
1468 603 1620 692 ιλάβετε,

304 711 411 773 πίετε·
434 697 539 773 τοῦτό
561 697 626 789 μού
648 704 742 772 ἐστιν
764 701 805 773 τό
827 703 937 792 αἷμα(
968 701 1048 791 αίμα
1076 707 1137 790 τῆς
1159 697 1312 791 ἀμπέλου
1338 701 1531 792 τὸνλόγον
1554 703 1621 775 τὸν

307 809 400 890 »περὶ
422 808 567 874 πολλῶν
592 796 793 890 ἐκχεόμενον
820 808 866 884 είς
887 801 1009 890 ἄφεσιν
1030 797 1242 891 ἀμαρτιώνι,
1273 798 1485 892 εὐφροσύνης
1517 798 1620 892 ἀγιον

270 900 488 1069 5ἀλληγορεῖ
518 908 613 990 νᾶμα.
656 909 712 972 καὶ
735 894 789 972 ὅτι
814 907 876 990 μὲν
897 920 1092 991 σωφρονεῖν
1121 899 1185 972 τὸν
1214 909 1363 974 πίνοντα
1394 910 1455 986 δεῖ,
1487 899 1532 974 δι’
1566 895 1654 974 ών3

305 1130 360 1172 οτι
369 1108 404 1172 δε
416 1103 509 1182 οίνος
519 1093 562 1190 ἦν
572 1129 612 1171 το
599 1098 821 1188 εύλογηθέν,
845 1095 996 1188 ἀπέδειξε
1013 1099 1115 1172 πάλιν
1130 1099 1216 1188 πρὸς
1229 1101 1308 1184 τοῦς
1318 1102 1476 1190 μαθητάς
1492 1108 1619 1191 λέγων·

308 1198 369 1272 »ού
390 1201 434 1290 μὴ
457 1207 526 1270 πίω
550 1205 586 1270 ἐκ
609 1207 672 1272 τοῦ
702 1198 890 1291 γενήματος
917 1207 978 1290 τῆς
1001 1198 1153 1290 ἀμπέλου
1175 1199 1315 1324 ταύτης,
1347 1197 1500 1290 μέχρις“
1480 1230 1525 1271 αν
1546 1209 1620 1273 πίω

306 1297 391 1400 αὐτὸ
413 1296 488 1389 μεθ’
512 1296 608 1389 ῦμών
630 1305 732 1389 έντῇ
753 1309 902 1392 βασιλείᾳ
925 1308 988 1373 τοῦ
1009 1299 1141 1389 πατρός
1161 1329 1252 1388 μου(
1292 1297 1367 1373 ἀλλ’
1391 1295 1446 1372 ότι
1468 1302 1655 1389 γεοῐνος4

307 1401 349 1490 ἠν
372 1399 413 1472 τὸ
436 1397 623 1488 πινόμενον
644 1399 730 1488 πρὸς
752 1429 815 1472 του
800 1406 969 1490 κυρίου,
1000 1397 1106 1473 πάλιν
1138 1397 1242 1502 αῦτδς
1271 1407 1349 1489 περὶ
1377 1403 1499 1472 ἑαυτοῦ
1527 1407 1620 1488 λέγει

256 1513 289 1566 10
307 1498 373 1589 τὴν
353 1495 567 1572 νἸουδαίων
589 1503 808 1586 ἒπονειδίζων
830 1505 1113 1588 σκληροκαρδίαν·
1146 1492 1272 1589 »ἦλθεν
1303 1497 1399 1588 γάρι,
1428 1507 1548 1588 φησίν,
1581 1494 1619 1570 ιό

306 1597 378 1682 υίὸς
399 1605 463 1672 τοῦ
483 1596 683 1688 ἀνθρώπου,
706 1607 762 1671 καὶ
784 1605 950 1688 λέγουσιν·
973 1600 1048 1672 ίδού
1070 1599 1256 1689 ἄνθρωπος
1279 1597 1388 1689 φάγος
1408 1628 1462 1670 και
1451 1596 1621 1672 οἰνοπό-

307 1728 377 1788 της,
400 1705 566 1770 τελωνῶν
588 1707 714 1786 φίλος(
761 1705 858 1771 τουτὶ
884 1705 944 1788 μὲν
976 1696 1054 1789 ἡμῖν
1084 1707 1139 1770 καὶ
1169 1700 1256 1788 πρὸς
1287 1701 1369 1783 τοῦς
1390 1696 1618 1788 Ἐγκρατητὰς
1637 1725 1705 1787 affl

307 1804 536 1887 καλουμένους
557 1807 843 1887 παραπεπαίχθω.

389 1903 433 1970 Al
454 1903 491 1968 δὲ
512 1917 678 1984 γυναῖκες,
701 1896 742 1968 τὸ
765 1891 928 1988 εὔσχημον
950 1897 1231 1988 ἐπαναιρούμεναι
1254 1905 1378 1988 δῆθεν,
1403 1895 1450 1982 ώς
1473 1897 1518 1988 μὴ
1541 1917 1618 1979 ταῖς

257 2010 289 2063 15
306 2006 481 2080 πλατείαις
505 1996 637 2084 κύλιξιν
664 2004 854 2085 διαχέουσαι
880 1997 923 2069 τά
944 2008 1036 2088 χείλη
1059 2017 1269 2088 περιρραγεῐς
1291 2006 1462 2088 γένωνται
1483 2010 1617 2070 πλατυ-

307 2105 451 2186 νομένου
466 2103 529 2169 τοῦ
551 2094 728 2187 στόματος,
752 2116 884 2180 στεναῖς
904 2105 1025 2188 κομιδῇ
1046 2098 1198 2171 κατὰτὸ
1220 2095 1363 2188 στόμιον
1389 2094 1618 2186 ἀλαβάστροις

307 2195 506 2286 ἀσχημόνως
527 2205 683 2267 πίνουσαι
714 2194 887 2269 άνακλώσι
912 2205 973 2286 μὲν
999 2199 1060 2282 τὰς
1086 2195 1249 2286 κεφαλάς,
1281 2204 1441 2286 γυμνοῦσι
1467 2203 1504 2268 δὲ
1537 2197 1619 2280 τοῦς

306 2295 507 2387 τραχήλους,
539 2293 581 2368 οῦ
601 2303 759 2384 κοσμίως,
792 2300 863 2384 ἐμοὶ
891 2303 1015 2382 δοκεῖν,
1045 2306 1102 2370 καὶ
1133 2297 1195 2369 τὸν
1216 2295 1366 2386 λάρυγγα
1389 2304 1617 2368 διατείνουσαι

307 2403 383 2484 περὶ
413 2395 479 2485 τὴν
499 2392 691 2466 κατάποσιν
716 2404 964 2484 βροχθίζουσιν,
997 2396 1073 2469 οίον
1104 2393 1401 2486 ἀπογυμνούμεναι
1431 2416 1504 2478 τοῖς
1537 2419 1616 2486 συμ-

258 2505 291 2559 20
307 2493 430 2578 πότοις
456 2491 478 2564 ά
504 2493 682 2578 δύνανται,
713 2493 832 2584 έρυγάς
858 2525 895 2566 τε
926 2491 1111 2583 ἀνδρώδεις
1141 2497 1385 2585 ἐπισπώμενοι,
1417 2504 1550 2586 μᾶλλον
1581 2502 1617 2566 δὲ

308 2591 592 2683 ἀνδραποδώδεις,
620 2594 983 2684 προσεπιθρύπτονται
1009 2603 1245 2668 σπαταλῶσαι·
1276 2593 1385 2678 ούδελς
1410 2596 1473 2685 γὰρ
1500 2594 1655 2683 ψόφοςῑ)

308 2701 431 2777 οίκεῑος
457 2689 552 2783 ἀνδρὶ
579 2702 720 2784 λογικῷ,
752 2699 803 2764 ἔτι
829 2701 866 2768 δὲ
891 2703 1024 2785 μᾶλλον
1051 2705 1196 2784 γυναικί,
1228 2690 1248 2785 ᾗ
1280 2705 1335 2768 καὶ
1365 2697 1405 2768 τό
1428 2703 1618 2767 συνειδέναι

307 2791 415 2883 αύτὴν
437 2796 551 2881 ἑαυτῇ,
583 2790 657 2884 ἥτις
679 2799 742 2882 είη,
768 2791 876 2882 μόνον
898 2794 1059 2885 αἰσχύνην
1082 2801 1183 2885 φέρει.
1230 2793 1332 2887 »όργὴ
1351 2806 1357 2881 1
1376 2805 1447 2880 δέι,
1470 2804 1583 2884 φησίν,
1609 2802 1611 2815 ’
1638 2813 1721 2869 18ῖΡ

311 2892 453 2984 »μεγάλη
476 2893 558 2983 γυνη
580 2900 761 2983 μέθυσοςτ,
784 2899 888 2966 οἱονεὶ
908 2891 1011 2983 χόλος
1032 2903 1117 2968 θεοῦ
1139 2895 1324 2987 οίνομάχλη
1352 2894 1445 2987 γυνή.
1487 2897 1544 2968 διὰ
1568 2905 1617 2981 τί,·
1636 2919 1704 2973 698

258 3001 291 3057 25
308 2987 363 3064 ότι
395 2989 648 3082 »ἀσχημοσύνην
676 2990 779 3084 αύτῆς
810 2991 850 3066 οῦ
881 2993 1135 3082 συγκαλύπτειι.
1187 2997 1271 3086 ταχὺ
1299 2997 1363 3088 γάρ
1393 3002 1440 3079 είς
1470 2991 1615 3083 ἀταξίαν

307 3090 511 3182 ὑποσύρεται
531 3091 629 3182 γυνή,
656 3091 722 3164 κάν
741 3090 851 3184 μόνον
877 3099 982 3184 ἐπιδῷ
1005 3094 1069 3182 τὴν
1091 3105 1287 3184 προαίρεσιν
1311 3102 1358 3180 είς
1380 3092 1514 3186 ἡδονάς.
1558 3105 1615 3168 καὶ
1636 3113 1653 3166 3

309 3189 380 3281 οῦχὶ
399 3190 623 3280 ἀλαβάστροις
638 3199 749 3265 πίνειν
761 3191 1011 3281 κεκωλύκαμεν·
1033 3189 1120 3266 ἀλλά
1136 3195 1177 3266 τό
1192 3195 1402 3284 ἐπιτηδεύειν
1424 3199 1461 3266 έν
1475 3195 1616 3279 τούτοις

307 3289 414 3381 μόνον
432 3301 544 3363 πίνειν
567 3289 614 3373 ώς
636 3290 840 3378 ἀλαζονικὸν
855 3290 1114 3382 περικόπτομεν,
1136 3313 1208 3376 τοῖς
1223 3303 1476 3384 παρατυχοῦσιν
1491 3294 1618 3386 ἀπροσ·

307 3400 431 3472 παθώς
464 3397 609 3481 χρῆσθαι
644 3390 939 3481 συμβουλεύοντες,
972 3391 1158 3482 πόρρωθεν
1194 3393 1334 3467 ἀνωθεν
1364 3392 1616 3480 όλισθανοῦσας

256 3499 290 3555 30
309 3487 566 3572 ἀνακόπτοντες
588 3487 704 3574 αῦταῖς
727 3491 788 3575 τὰς
810 3488 942 3582 ὀρέξεις.
977 3489 998 3582 ἡ
1022 3490 1051 3564 δ
1074 3485 1136 3564 οῦν
1157 3493 1243 3582 πρὸς
1264 3494 1385 3586 έρυγὴν
1408 3492 1617 3568 ἀναπλωτά-
1636 3519 1655 3570 4

309 3601 410 3676 ζουσα
446 3596 510 3661 τοῦ
545 3587 643 3678 ἀέρος
678 3593 810 3678 έφελξις
845 3589 950 3681 ἡσυχῇ
988 3599 1243 3682 παραπεμπτέα.
1300 3591 1380 3666 κατ’
1419 3592 1545 3667 ούδένα
1584 3603 1619 3668 δὲ

310 3687 442 3776 τρόπον
464 3707 537 3772 ταῖς
564 3698 714 3778 γυναιξίν
739 3695 963 3780 ἐπιτρεπτέον
992 3691 1272 3780 παραγυμνούσας
1303 3723 1336 3764 τι
1368 3701 1430 3768 τοῦ
1460 3695 1619 3784 σώματος

308 3798 589 3874 καταφαίνεσθαι,
610 3790 655 3879 μὴ
674 3799 832 3877 σφαλεῖεν
855 3789 969 3878 ἄμφω,
992 3795 1026 3864 οἳ
1046 3797 1106 3879 μὲν
1128 3791 1357 3883 ἐρεθιζόμενοι
1378 3814 1617 3879 κατασκοπεῖν,

309 3892 344 3959 αἳ
365 3894 400 3958 δὲ
423 3895 496 3960 τών
526 3885 661 3977 ἀνδρῶν
688 3886 741 3977 ἐφ’
772 3890 892 3972 ἑαυτάς
922 3891 1153 3979 ἐπισπώμενοι
1184 3891 1245 3976 τὰς
1276 3886 1378 3981 όψεις.
1423 3890 1473 3966 ἀεὶ
1503 3899 1541 3966 δὲ
1572 3892 1653 3978 ώς5

258 4001 291 4057 35
309 3984 484 4077 παρόντος
510 3995 574 4061 τοῦ
595 3999 713 4078 κυρίου
733 3997 882 4080 κοσμίως
909 3988 1162 4079 ἀναστρεπτέον
1189 3988 1281 4081 ἡμῖν,
1312 3991 1357 4083 μή
1387 4022 1436 4082 πη
1468 3993 1534 4085 ἄρα
1563 4004 1619 4066 καὶ

394 4145 467 4200 Ῑ-ίί
480 4146 535 4216 vgl.
546 4145 645 4201 Matth.
655 4147 697 4212 26,
707 4147 808 4201 26-28
820 4175 853 4184 -
867 4147 881 4200 7
894 4145 1017 4202 rMatth.
1030 4147 1071 4214 26,
1084 4147 1117 4202 29
1123 4166 1130 4210 ;
1142 4145 1232 4200 Mark.
1245 4150 1284 4216 14,
1297 4149 1330 4203 25
1344 4178 1376 4188 —
1389 4150 1504 4206 10-12
1519 4149 1618 4204 Matth.

309 4231 349 4292 11,
369 4229 413 4292 19;
432 4229 498 4284 Luk.
519 4233 541 4297 7,
555 4233 588 4286 34
606 4261 639 4270 —
659 4231 773 4287 23—26
791 4229 840 4284 Sir.
859 4232 900 4297 26,
918 4232 936 4286 8

394 4381 432 4435 16
450 4364 682 4454 καραπεπάίχθω
696 4383 747 4436 ΡΜ
766 4383 791 4451 (η
804 4383 825 4434 Ρ
832 4384 849 4450 ¹)
862 4384 1116 4453 καραπεπὴγθαιλῚ
1132 4384 1135 4452 Ι
1152 4385 1190 4440 21
1209 4381 1307 4454 ψόφος
1324 4383 1390 4454 (vgl.
1403 4384 1487 4440 Ροεδ
1500 4387 1580 4454 ΙΙ60,
1593 4388 1617 4452 1)

308 4464 355 4516 Ma
373 4463 466 4534 ψόγος
488 4465 584 4533 Ρ123
603 4461 690 4534 αὐτὴν
709 4467 755 4520 Ma
773 4469 842 4536 αντη
860 4468 883 4521 Ρ
907 4460 978 4536 αῦτῇ
996 4467 1043 4521 Wi
1066 4469 1071 4536 Ι
1094 4467 1188 4525 λθδλ
1176 4466 1416 4533 λισθαινούσαςθ
1439 4472 1443 4538 Ι
1468 4464 1573 4527 θθί’
1553 4490 1617 4525 ανα-

308 4545 495 4614 πλωτιίζουοα
513 4549 640 4619 fraglich,
659 4545 927 4619 ἀνακαφλάζουσαθ
945 4551 1025 4606 θείειν
1048 4553 1052 4620 1
1077 4553 1113 4608 61
1136 4547 1246 4624 ίφελξις
1263 4553 1343 4608 Schw
1359 4549 1501 4620 έφέπειξις
1519 4553 1540 4608 Ρ
1558 4550 1617 4610 έπέ-

309 4637 397 4697 πειξις
415 4633 451 4699 Sy
470 4629 572 4700 ἔπειξις
590 4635 624 4687 Di
