3520 5498
541 447 722 517 Paedagogus
739 448 759 501 I.
779 448 938 516 eap.11.4‚
957 449 1031 514 3-6,
1050 451 1074 504 5.
1420 460 1459 523 93

147 612 303 703 υπάρξαν
334 610 389 682 διὰ
412 618 472 697 τῆς
495 610 661 701 ἑπομένης
683 621 854 684 δείκνυται
882 610 1024 701 ῥήσεως,
1054 610 1145 683 καθό
1174 608 1194 700 ἡ
1221 618 1333 684 δικαία
1354 621 1460 702 κρίσις

149 718 277 796 ἕπεται,
300 719 354 782 καὶ
388 718 493 782 τοῦτο
524 715 684 802 ἐμφανῶς
714 711 767 783 διὰ
799 718 873 782 τῶν
903 718 1098 800 προφητῶν
1123 720 1377 799 καταφαίνεται,
1402 711 1458 795 ῶς,

147 820 176 886 εί
200 812 245 903 μή
270 809 422 902 ἥμαρτες,
450 807 634 900 λεγόντων,
657 808 719 884 οόκ
751 808 793 882 Bw
824 809 904 883 τάδε
936 809 1125 901 ἠπείλησεν,
1156 821 1211 882 καὶ
1245 812 1317 883 ιδιά
1352 819 1458 884 τοῦτο

148 911 264 995 οὕτως
288 919 376 1001 λέγει
397 909 528 1000 κόριοςι
553 918 609 981 καὶ
634 907 731 983 »ἀνθ’
755 903 807 981 ῶν
829 909 891 984 οόκ
913 907 1077 1002 ήκοόσατε
1093 920 1166 983 τῶν
1182 909 1297 1002 λόγων
1313 911 1459 996 τούτων,

111 1013 204 1084 5διά
234 1019 340 1085 τοῦτο
376 1009 456 1083 τάδε
489 1017 576 1100 λέγει
606 1010 738 1101 κύριος(
772 1020 829 1082 καὶ
862 1011 934 1083 »διὰ
965 1017 1072 1083 τοῦτο
1102 1013 1177 1084 ίδού
1206 1019 1292 1100 λέγει
1315 1011 1460 1102 κόριοςι.

148 1113 205 1184 διὰ
228 1119 332 1183 τοῦτο
355 1112 418 1201 γάρ
441 1108 461 1200 ἡ
483 1120 690 1201 προφητεία,
722 1107 768 1182 δι’
790 1109 947 1200 όπακοήν
968 1118 1022 1182 καί
1045 1109 1236 1201 παρακοήν,
1267 1107 1312 1183 δι’
1336 1108 1378 1200 ἣν
1400 1119 1461 1202 μὲν

146 1218 206 1284 ἵνα
229 1219 414 1301 σωθῶμεν,
438 1207 483 1282 δι’
507 1209 550 1301 ἣν
572 1217 607 1281 δὲ
629 1215 685 1284 ἵνα
706 1217 955 1302 παιδευθῶμεν.
1485 1200 1498 1220 ν

228 1309 341 1383 Ἔστιν
372 1303 435 1384 οὖν
473 1307 492 1382 ό
531 1309 746 1400 παιδαγωγός
787 1308 884 1402 ήμῶν
919 1309 1020 1400 λόγος
1052 1311 1106 1383 διά
1140 1319 1373 1400 παραινέσεων
1402 1321 1460 1384 θε-
1477 1337 1526 1400 6,1

147 1412 353 1500 ραπεοτιπός
384 1418 457 1482 τῶν
486 1411 579 1502 παρά
605 1410 707 1498 φύσιν
743 1416 804 1501 τῆς
835 1416 944 1500 ψυχῆς
974 1418 1110 1482 παθῶν.
1153 1420 1277 1500 κυρίως
1306 1418 1367 1502 μὲν
1398 1413 1459 1501 γάρ

92 1509 170 1600 1οή
203 1518 276 1582 τῶν
308 1517 370 1583 τοῦ
405 1511 561 1600 σώματος
593 1508 798 1602 νοσημάτων
826 1508 968 1599 βοήθεια
998 1510 1132 1600 ἰατρικὴ
1162 1523 1328 1600 καλεῖται,
1359 1519 1459 1601 τέχνη

146 1610 355 1698 ἀνθρωπίνη
387 1619 489 1702 σοφίᾳ
520 1607 669 1700 διδακτή.
718 1607 820 1700 λόγος
851 1617 886 1682 δὲ
913 1606 932 1682 ό
957 1611 1122 1700 πατρικὸς
1154 1607 1258 1701 μόνος
1284 1615 1377 1683 ἐστίν
1404 1607 1460 1682 άν-

148 1718 343 1800 θρωπίνων
365 1711 485 1800 ίατρός
507 1707 783 1800 ἀρρωστημάτων
809 1711 975 1794 παιώνιος
997 1716 1052 1782 καὶ
1075 1709 1209 1798 ἐπῳδός
1234 1703 1328 1798 άγιος
1345 1710 1460 1782 νοσού-

146 1835 207 1900 σης
221 1816 338 1898 ψυχῆς.
362 1818 494 1882 ’σῶσον
508 1809 573 1882 τόν
585 1808 710 1883 δοῦλόν
726 1835 812 1895 σου,«
831 1818 942 1900 φησίν,
962 1805 998 1882 »ό
1014 1809 1094 1892 θεός
1108 1839 1183 1900 μου,
1198 1807 1262 1881 τόν
1277 1814 1459 1897 ἐλπίζοντα

146 1913 204 1980 ε’πὶ
227 1917 292 1979 σοί·
314 1907 454 1996 ἐλέησόν
475 1938 527 2000 με,
550 1909 656 1998 κύριε,
680 1903 735 1982 ότι
756 1909 842 1998 πρὸς
858 1917 893 1980 σὲ
908 1907 1108 2000 κεκράξομαι
1124 1904 1210 1998 όλην
1225 1909 1290 1999 τήν
1306 1907 1455 1998 ήμέρανπ

92 2023 126 2075 15
149 2009 303 2098 »ἰατρικὴ
324 2015 386 2098 μὲν
408 2008 487 2100 γάρ(
511 2011 599 2081 κατὰ
622 2007 836 2100 Δημόκριτον
859 2011 1034 2099 »σώματος
1056 2005 1177 2092 νόσους
1193 2006 1332 2095 άκέεται,
1355 2020 1492 2099 σοφίην

146 2115 186 2181 δὲ
208 2109 320 2198 ψυχὴν
341 2115 469 2179 παθῶν
492 2105 718 2200 άφαιρεῖταιι·
741 2106 760 2182 ό
783 2115 818 2180 δὲ
842 2106 971 2198 ἀγαθὸς
990 2119 995 2194 Ι
1012 2108 1236 2198 παιδαγωγός,
1259 2106 1279 2198 ἦ
1301 2119 1414 2197 σοφία,
1438 2106 1559 2182 6101?

147 2205 252 2297 λόγος
282 2213 346 2279 τοῦ
376 2203 519 2297 πατρός,
550 2203 569 2280 ό
601 2207 845 2300 δημιουργήσας
876 2209 941 2281 τὸν
971 2208 1176 2298 ἄνθρωπον,
1208 2203 1292 2282 όλου
1321 2209 1457 2300 κήδεται

148 2315 213 2381 τοῦ
235 2305 446 2398 πλάσματος,
476 2316 533 2378 καὶ
558 2316 656 2399 σῶμα
684 2317 740 2380 καὶ
768 2311 879 2399 ψυχὴν
902 2307 1031 2382 άκεῖται
1053 2305 1159 2381 αότοῦ
1181 2304 1200 2379 ό
1222 2309 1374 2400 πανακής
1397 2316 1457 2400 τῆς

147 2404 424 2497 άνθρωπότητος
446 2406 569 2497 ἰατρός.
613 2405 632 2480 ό
654 2409 768 2499 σωτήρ
793 2407 968 2493 εάνάσταπ
995 2417 1075 2498 φησὶ
1091 2416 1140 2498 τῷ
1156 2415 1356 2499 παρειμένῳ,
1376 2409 1491 2482 »τὸν3

92 2519 128 2572 20
147 2514 318 2597 σκίμποδα
343 2503 400 2594 ἐφ’
428 2501 469 2578 όν
489 2504 684 2581 κατάκεισαι
711 2511 828 2593 λαβῶν
849 2509 950 2582 ἄπιθι
973 2515 1116 2582 οίκαδει.
1158 2514 1358 2599 παραχρῆμα
1380 2504 1456 2580 δὲό

148 2608 326 2696 ἄρρωστος
349 2607 514 2697 ἐρρώσθη.
556 2615 611 2678 καὶ
634 2615 684 2698 τῷ
708 2618 876 2682 τεθνεῶτι
901 2607 1079 2698 »Λάζαρεμ
1098 2611 1199 2692 εἶπεν,
1225 2612 1364 2696 νέξιθιι·
1387 2602 1457 2680 όδε

147 2714 297 2796 ἐξῆλθεν
318 2713 379 2796 τῆς
395 2713 504 2796 σοροῦ,
528 2702 690 2797 όνεκρός,
713 2706 786 2792 οίος
816 2701 860 2798 ήν
881 2718 961 2798 πρὶν
982 2706 1003 2798 ή
1026 2719 1166 2790 παθεῖν,
1188 2705 1370 2798 μελετήσας
1392 2707 1457 2796 τὴν

147 2803 343 2884 ἀνάστασιν.
385 2813 440 2879 ναί
470 2809 536 2898 μὴν
566 2815 621 2878 καὶ
651 2805 735 2881 καθ’
763 2805 871 2900 αότήν
892 2816 983 2882 ἰᾶται
1005 2809 1071 2898 τὴν
1090 2807 1203 2897 ψυχήν
1224 2811 1379 2890 ἐντολαῖς
1401 2814 1491 2878 καὶῖ

146 2915 362 2998 χαρίσμασιν,
392 2904 481 2979 ἄλλά
507 2927 580 2990 ταῖς
601 2915 663 2998 μὲν
684 2905 876 2998 όποθήκαις
898 2907 983 2996 τάχα
1007 2908 1048 2998 δή
1069 2914 1195 2997 μέλλει·
1225 2916 1399 2995 χαρίσμασι
1421 2914 1456 2979 δὲ

93 3024 128 3078 25
146 3005 313 3089 πλούσιος
344 3003 539 3094 »ἀφέωνταί
569 3033 621 3079 σοι
652 3011 685 3079 αλ
711 3004 886 3098 άμαρτίαιι
923 3028 995 3092 τοῖς
1021 3005 1237 3096 ἁμαρτωλοῖς
1259 3002 1336 3095 ἡμῖν
1358 3014 1455 3096 λέγει.

148 3104 245 3197 ἡμεῖς
267 3113 302 3179 δέ
325 3098 391 3196 άμα
413 3105 557 3197 νοήματι
581 3107 698 3198 νήπιοι
712 3108 905 3198 γεγόναμεν,
929 3109 994 3198 τήν
1008 3104 1149 3196 ἀρίστην
1163 3113 1218 3176 καὶ
1233 3105 1457 3197 βεβαιοτάτην
1473 3127 1489 3178 5

149 3205 250 3294 τάξιν
281 3205 372 3294 παρὰ
403 3212 463 3296 τῆς
494 3204 601 3279 αότοῦ
631 3205 783 3295 εὐταξίας
813 3205 1142 3298 μεταλαμβάνοντες,
1173 3203 1193 3295 ή
1223 3213 1367 3297 πρῶτον
1396 3213 1456 3296 μὲν

146 3305 234 3398 ἀμφὶ
270 3306 333 3378 τὸν
367 3303 496 3396 κόσμον
530 3315 585 3378 καὶ
621 3307 685 3380 τόν
717 3306 864 3397 οὐρανὸν
896 3305 956 3390 τάς
987 3337 1023 3378 τε
1060 3303 1200 3395 ἡλιακὰς
1235 3303 1457 3396 περιδινήσεις

147 3404 295 3488 κύκλους
317 3416 431 3477 τεκαὶ
453 3414 528 3478 τῶν
549 3415 685 3480 λοιπῶν
709 3407 847 3497 ἄστρων
878 3409 939 3490 τὰς
971 3406 1078 3497 φορὰς
1105 3402 1295 3493 ἀσχολεῖται
1317 3407 1372 3478 διὰ
1394 3405 1457 3478 τὸν

95 3521 129 3576 30
148 3507 349 3594 ἄνθρωπον,
380 3507 496 3576 ἔπειτα
527 3513 562 3578 δὲ
592 3516 667 3596 περὶ
699 3509 764 3581 τόν
794 3508 984 3596 ἄνθρωπον
1010 3503 1129 3594 αὐτόν,
1160 3514 1235 3594 περὶ
1261 3501 1303 3578 όν
1324 3501 1345 3594 ή
1366 3513 1457 3578 πᾶσα

235 3710 1169 3782 atses.30,12-4tvgl.18am.28,18-5vgl.Jerem.7,
1192 3714 1225 3768 20
1252 3741 1285 3750 -
1314 3711 1378 3766 lor
1401 3711 1456 3780 vgl.

147 3797 243 3851 IKor.
262 3796 290 3862 2,
309 3797 342 3850 13
359 3825 392 3835 -
412 3797 448 3852 12
468 3795 523 3868 vgl.
542 3799 623 3867 Soph.
640 3798 737 3853 Traoh.
756 3799 822 3854 1208
840 3794 996 3866 (παιώνιος)
1027 3827 1060 3837 -
1089 3797 1303 3862 131Ρεα1.85,
1331 3799 1354 3849 2.
1382 3799 1398 3850 3
1424 3825 1457 3835 —

149 3881 263 3938 15-19
280 3879 335 3950 vgl.
354 3881 416 3935 leid.
434 3881 522 3937 Pelus.
543 3881 591 3953 Ep.
610 3884 689 3938 1437
709 3911 741 3922 -
765 3882 825 3938 151
840 3882 984 3937 Ιλοωο1ττ11
1001 3882 1045 3936 Fr.
1063 3883 1097 3938 50
1113 3883 1154 3948 N„
1173 3885 1205 3937 31
1224 3881 1299 3936 Diels
1318 3881 1456 3950 (Vorsokr.

147 3965 222 4033 416);
249 3964 304 4034 vgl.
323 3965 450 4020 Gnomol.
469 3967 558 4021 Vatia.
585 3967 627 4023 ed.
646 3967 797 4022 Sternbaoh
819 3970 869 4022 283
887 3997 917 4006 -
940 3967 1053 4022 19-21
1074 3968 1128 4037 vgl.
1147 3967 1245 4020 Μαλέα.
1263 3967 1287 4026 9,
1306 3965 1349 4031 61;
1369 3963 1456 4017 Mark.

148 4053 172 4116 ·2‚
191 4049 252 4116 111;
278 4049 346 4103 Luk.
365 4051 388 4114 5,
406 4051 462 4106 241.
498 4051 536 4106 Zu
562 4053 615 4107 den
641 4051 792 4107 Varianten
815 4051 870 4121 vgl.
897 4052 992 4118 Resch,
1020 4054 1151 4122 Agrapha
1173 4051 1198 4105 S.
1216 4052 1248 4105 θλ
1267 4079 1300 4088 -
1320 4049 1385 4104 211
1401 4049 1456 4116 vgl.

149 4134 210 4189 Joh.
230 4137 243 4188 1
263 4137 287 4192 1.
308 4135 412 4189 431-
430 4137 468 4192 25
488 4138 556 4192 Luk.
574 4142 598 4203 5,
617 4139 658 4192 20.
677 4139 710 4192 23

233 4321 251 4376 2
270 4315 426 4390 έμφανὲςθ
441 4325 445 4392 Ι
461 4323 480 4378 4
498 4324 547 4378 καλ
564 4331 597 4382 <
615 4321 857 4392 214τδνλόγον
876 4328 978 4377 τοῦτον
996 4322 1026 4374 M
1041 4323 1046 4390 Ι
1062 4322 1080 4377 8
1099 4320 1217 4390 λόγοςθ
1235 4308 1318 4383 οἶτος
1335 4313 1351 4372 δ
1370 4318 1456 4387 λόγος

148 4405 234 4476 λόγος
250 4405 299 4474 Ml
316 4407 351 4461 11
370 4408 493 4478 διδακτή]
515 4410 530 4477 ἡ
549 4407 578 4462 in
591 4407 654 4462 Bas.
674 4407 693 4461 f.
710 4407 850 4463 3Buchst.
869 4407 890 4460 F
906 4409 909 4474 1
927 4407 965 4462 13
983 4425 1039 4475 μον
1058 4415 1090 4464 <
1108 4404 1136 4456 Μ
1157 4406 1160 4470 Ι
1186 4406 1223 4459 16
1241 4404 1334 4473 ψυχήν
1352 4405 1456 4458 παθῶν

149 4489 170 4542 F
186 4492 291 4545 παθῶν
307 4492 400 4560 φυγήν
417 4493 446 4545 M
470 4495 474 4558 Ι
497 4495 531 4548 17
553 4488 720 4565 ἄνθρωπον]
739 4487 809 4549 ἄνον
827 4491 848 4545 F
867 4499 954 4548 οὗνον
973 4491 1009 4560 (d.
1028 4490 1045 4544 i.
1064 4487 1197 4560 οὐρανὸν)
1216 4489 1244 4542 Μ
1260 4490 1263 4556 Ι
1282 4489 1316 4543 18
1328 4491 1456 4556 πανακης

150 4575 184 4644 Sy
203 4576 351 4643 παναρκης
367 4575 418 4630 FM
433 4580 437 4646 Ι
453 4579 492 4634 22
512 4587 602 4648 σοροῦ
619 4580 639 4632 F
658 4585 708 4648 γῆς
722 4580 751 4632 Μ
767 4582 770 4648 Ι
787 4577 902 4648 παθεῖν]
920 4574 1080 4632 ἀποθανεῖν
1098 4573 1245 4628 Markland
1260 4575 1264 4642 Ι
1279 4573 1317 4630 23
1337 4572 1456 4638 κύκλους

150 4679 179 4716 ιε
197 4659 344 4714 Markland
361 4666 501 4718 κυκλεῖται
520 4664 570 4718 FM
588 4663 721 4729 κυκλικὰς
738 4665 815 4719 Kroll
832 4669 835 4732 ί
852 4660 979 4732 ἀστέρων
997 4662 1025 4716 Μ
