3520 5480
581 430 707 488 Scholion
724 447 786 484 zum
803 429 996 498 Protrepticus.
1386 437 1444 499 301

135 594 184 680 ῶς
206 591 469 677 ἐπεισελθόντας
499 613 570 676 τοις
593 591 797 680 φιλοσόφοις
818 590 1103 680 συμποσιάζουσιν
1124 589 1208 680 μετά
1233 620 1328 675 τινος
1359 594 1446 663 ἑταί·

134 725 196 785 ρας
217 703 273 767 καί
295 691 576 783 ἐπικωμάσαντος
600 693 665 783 τήν
687 689 801 783 άρχήν.
823 697 886 762 PM

220 808 269 881 11,
293 807 329 865 11
353 792 559 884 ίκκυκλήσω]
583 792 774 883 έγκύκλημα
796 789 942 864 ἐκάλουν
958 789 1075 874 σκεῦός
1090 821 1124 863 τι
1139 787 1333 880 ὑπότροχον
1348 791 1446 874 ἐκτὸς

134 901 196 984 τῆς
219 899 352 982 σκηνῆς,
377 884 417 964 οῦ
440 898 672 978 στρεφομένου
694 890 802 965 ἐδόκει
824 892 868 962 τὰ
884 897 949 962 ἔσω
965 910 1039 974 τοῖς
1054 895 1119 978 ἔξω
1135 890 1266 979 φανερά
1282 900 1445 979 γίνεσθαι·

98 1013 115 1064 5
136 990 331 1082 ἐγκυκλήσω
355 984 418 1065 οῦν
441 990 518 1063 ἀντὶ
542 996 605 1064 τοῦ
627 991 829 1080 φανερῶσω,
852 993 1027 1082 γυμνῶσω.
1049 996 1111 1061 ΡΜ

220 1093 500 1182 διεξοδικώτερον
531 1097 567 1162 δὲ
597 1098 674 1180 περὶ
705 1098 768 1162 τοῦ
798 1089 905 1163 αύτοῦ
935 1097 1054 1174 εἰπεῖν,
1091 1090 1280 1180 έγκύκλημα
1311 1095 1444 1179 ἐλέγετο

136 1190 270 1280 βάθρον
291 1195 346 1262 ἐπὶ
368 1190 481 1278 ξύλων
495 1187 650 1280 ύψηλῶν,
674 1183 703 1281 ᾦ
726 1198 890 1262 ἐπίκειται
912 1187 1053 1280 θρόνος·
1085 1195 1231 1261 δείκνυσι
1255 1195 1290 1261 δὲ
1313 1191 1356 1260 τὰ
1377 1187 1445 1262 ύπό

135 1299 178 1380 τῆ
201 1299 306 1380 σκηνῆ
329 1294 366 1363 έν
388 1309 462 1373 ταῖς
484 1295 605 1373 οἰκίαις
627 1298 826 1381 πραχθέντα
848 1287 1036 1380 ἀπόρρητα.
1079 1286 1137 1377 ὑφ’
1161 1281 1201 1360 οῦ
1223 1295 1258 1361 δὲ
1280 1286 1446 1378 εἰσάγεται

134 1390 177 1461 τό
199 1389 399 1480 έγκύκλημα,
422 1389 612 1478 έσκύκλημα
634 1385 845 1477 ὀνομάζεται,
868 1399 923 1462 καί
943 1397 1006 1480 χρῆ
1029 1398 1134 1462 τοῦτο
1158 1409 1250 1460 νοεῖν
1271 1386 1350 1460 καθ’
1375 1388 1445 1462 ἑκά-

82 1508 116 1562 10
135 1515 222 1577 οτην
243 1489 364 1577 θύραν,
388 1483 430 1558 ἵν’
454 1481 473 1576 ᾖ
496 1485 575 1560 καθ’
598 1489 743 1580 ἑκάστην
767 1499 885 1563 οίκίαν.
929 1497 1074 1560 δείκνυσι
1097 1495 1132 1560 δὲ
1155 1485 1175 1577 ή
1196 1487 1326 1578 μηχανὴ
1342 1489 1445 1571 θεοὺς

134 1598 190 1660 καὶ
213 1585 329 1678 ἥρωας
351 1588 432 1671 τοὺς
456 1593 492 1660 ίν
514 1585 595 1677 άέρι,
619 1597 913 1680 Βελλεροφῶντας
936 1587 957 1678 ἢ
979 1595 1132 1678 Περσέος,
1154 1595 1208 1658 καί
1230 1607 1337 1660 κειται
1358 1587 1445 1660 κατὰ

134 1689 201 1778 τῆν
225 1685 405 1776 άριστερόιν
424 1686 577 1775 πάροδον
591 1685 676 1778 ύπὲρ
692 1689 756 1779 τήν
778 1689 906 1780 σκηνήν
928 1688 969 1761 τό
991 1682 1087 1776 ύψος.
1117 1681 1189 1758 ῦδέ
1201 1693 1294 1760 ἐστιν
1309 1694 1346 1759 έν
1369 1716 1446 1776 τρα-

135 1795 242 1881 γῳδίᾳ
271 1786 412 1876 μηχανή,
443 1793 548 1859 τοῦτο
578 1794 742 1878 καλοῦσιν
772 1793 809 1859 έν
834 1795 997 1880 κωμῳδίᾳ
1019 1788 1083 1877 τήν
1104 1785 1242 1876 κράδην.
1286 1793 1391 1877 δῆλον
1412 1782 1446 1856 δ’

136 1881 191 1958 ότι
213 1893 314 1976 συκῆς
336 1893 408 1958 ἐστι
429 1895 575 1977 μίμησις·
618 1885 747 1978 κράδην
769 1887 831 1978 γὰρ
853 1885 1062 1961 ἀποκαλοῦσι
1084 1888 1148 1976 τήν
1170 1893 1282 1976 συκῆν.
1305 1892 1383 1957 ΡῚΜ

84 2005 117 2058 15
222 1999 269 2069 11,
291 1998 330 2058 20
353 1989 443 2075 Δηῶ]
466 1995 542 2074 περὶ
566 1994 681 2075 Δηοῦς,
715 1987 798 2078 ἢδῆ
821 1985 932 2078 μήτηρ
953 1993 1015 2078 τῆς
1036 1983 1148 2076 κόρης,
1182 1983 1224 2076 ῆν
1246 1992 1301 2056 καὶ
1324 1992 1444 2075 Περσε-

137 2083 253 2174 φόνην
274 2093 446 2160 καλοῦσιν.
467 2091 528 2156 ΡΜ
554 2175 556 2180 Ι

223 2198 271 2264 11,
294 2197 333 2258 22
356 2181 506 2271 Ἐλευσὶς]
530 2184 638 2270 τόπος
660 2186 748 2276 ἱερός
769 2193 831 2278 τῆς
852 2184 1011 2276 Ἀττικῆς.
1034 2192 1095 2257 ΡΜ

223 2297 269 2368 11,
291 2297 331 2357 25
354 2289 382 2355 εί
404 2291 515 2356 δὲκαὶ
538 2282 616 2372 άπὸ]
646 2286 687 2358 τό
711 2288 796 2377 ἑξῆς·
840 2293 868 2358 εί
899 2294 934 2358 δὲ
965 2293 1020 2357 καί
1052 2284 1120 2358 άπό
1143 2291 1323 2368 Μυοῦντος
1354 2282 1446 2356 δεδό-

136 2397 255 2471 ξασται
277 2382 375 2474 ύμῶν
397 2385 440 2456 τὰ
462 2385 636 2475 μυστήρια,
659 2382 700 2457 σύ
722 2385 869 2474 φθόνος·
912 2391 1096 2477 ἐπιτυμβίῳ
1128 2387 1191 2476 γὰρ
1213 2393 1293 2475 τιμῇ
1316 2382 1447 2472 δεδόξα-

84 2488 322 2556 ΜΜΜΡἮ

223 2595 268 2668 12,
293 2597 307 2655 1
333 2581 523 2670 Μυοῦντός]
547 2577 655 2673 ὄνομά
679 2615 772 2670 τινος
793 2582 985 2675 Ἀθηναίου,
1008 2591 1069 2656 ΡΜ

224 2696 269 2764 12,
292 2697 310 2755 7
334 2682 518 2772 Δάρδανος]
536 2684 613 2765 Διὸς
634 2691 695 2774 μὲν
710 2705 798 2770 παῖς,
821 2686 974 2770 βασιλεὺς
989 2692 1024 2756 δὲ
1040 2693 1112 2757 τῶν
1130 2693 1284 2774 Φρυγῶν,
1307 2693 1448 2774 πρῶτος

137 2793 270 2873 λέγεται
292 2781 456 2872 κατάρξαι
477 2791 551 2854 τῶν
573 2787 619 2866 είς
641 2784 706 2873 τῆν
727 2781 818 2856 Ῥέαν
840 2792 1035 2875 μυστηρίων
1056 2792 1280 2874 τελουμένων.
1305 2789 1364 2853 ΡΜ

224 2895 271 2963 12,
295 2894 312 2956 8
335 2879 484 2970 Ἠετίων]
508 2880 646 2954 Ἠετίων
678 2877 786 2974 ὄνομα
815 2885 935 2974 κύριον
956 2891 1019 2956 τοῦ
1041 2888 1284 2972 ίστορουμένου
1306 2883 1449 2971 πρῶτον

86 2999 118 3051 25
137 2979 303 3072 κατάρξαι
325 2990 399 3054 τῶν
421 2987 457 3054 ἐν
479 2981 690 3075 Σαμοθρᾴκῃ
713 2992 755 3072 τῆ
776 2979 845 3076 Ῥέᾳ
865 2989 1082 3070 τελουμένων
1101 2992 1303 3073 μυστηρίων.
1327 2987 1388 3052 ΡΜ

224 3093 270 3166 12,
293 3077 353 3154 θό
386 3089 504 3168 Μίδας]
536 3089 658 3166 Μίδας,
691 3093 860 3156 Γαλατῶν
891 3083 1055 3170 βασιλεύς·
1100 3089 1229 3171 λέγεται
1259 3088 1315 3152 καὶ
1346 3073 1449 3164 οὗτος

136 3183 263 3271 μαθῶν
285 3181 327 3252 τὰ
349 3177 435 3266 Ῥέας
457 3182 621 3274 μυστήρια
643 3183 735 3272 παρὰ
757 3181 912 3273 Ὀδρύσου
943 3190 1006 3256 τοῦ
1029 3191 1175 3272 Θρᾳκῶν
1197 3186 1358 3267 βασιλέως
1380 3187 1447 3252 δια-

137 3288 255 3353 δοῦναι
276 3299 349 3362 τοῖς
371 3278 535 3371 ὑπηκόοις
556 3281 671 3356 αύτοῦ.
694 3289 754 3354 ΡΜ

221 3377 383 3470 Ὀδρύσου]
401 3377 558 3472 Ὀδρυσος
580 3385 733 3469 βασιλεὺς
757 3393 912 3477 Θρᾳκῶν,
936 3377 964 3476 ῶ
988 3381 1170 3475 ὁμώνυμον
1192 3381 1232 3452 τό
1256 3385 1366 3463 ἔθνος.
1388 3384 1448 3449 ΡΜ

86 3527 119 3582 30
223 3517 270 3591 12,
297 3519 332 3578 12
358 3507 490 3594 νυκτός]
522 3509 565 3580 τὰ
597 3511 718 3594 νυκτὸς
742 3509 846 3606 ἡμέρᾳ
866 3518 1087 3601 παραδοῦναι·
1132 3510 1172 3581 τὸ
1204 3473 1242 3580 ίῦ
1277 3504 1448 3597 (ἐνθάδεθ)

138 3612 188 3694 τῷ
212 3602 348 3695 μεγάλῳ
370 3615 657 3697 παραπέφρασται
682 3619 859 3703 Γρηγορίῳ
883 3618 929 3694 εἰς
951 3612 991 3684 τό
1013 3609 1191 3697 βάπτισμα.
1215 3615 1265 3680 Μ’2

224 3716 271 3789 12,
297 3718 336 3778 22
360 3707 499 3800 Κινύρᾳ]
532 3701 634 3792 οὗτος
665 3705 684 3782 ό
708 3711 855 3800 Κινύρας
885 3713 1037 3798 βασιλεὺς
1060 3716 1193 3801 ἐγένετο
1218 3709 1366 3799 Κύπρου.
1388 3711 1448 3776 ΡΜ

225 3817 272 3890 12,
295 3817 334 3877 21
358 3805 501 3894 φαλλός]
526 3809 657 3896 φαλλός
679 3818 786 3901 σχῆμα
807 3817 945 3883 αἰδοίου.
967 3817 1028 3882 ΡΜ

224 3916 270 3990 13,
293 3917 311 3978 2
333 3906 526 3996 μυούμενοι]
552 3909 759 4002 τελούμενοι.
781 3916 842 3981 ΡΜ

87 4024 120 4076 3ο
220 4011 330 4173 1Δηοῦς
362 4013 397 4078 δὲ
427 4006 602 4099 μυστήρια]
628 4019 734 4101 Δηοῦς
764 4007 843 4100 ῆτοι
866 4010 1040 4101 Δήμητρος
1062 4006 1226 4101 μυστήρια
1248 4005 1340 4096 παρὰ
1365 4013 1450 4094 Φρυ-

138 4111 197 4190 ξίν.
251 4110 298 4173 ²M

224 4215 270 4288 13,
291 4218 311 4276 4
335 4209 465 4296 Βριμῶ]
488 4202 624 4298 Ἑκάτης
647 4215 818 4284 ἐπίθετον.
842 4218 902 4283 ΡΜ

223 4344 318 4400 (λ’-14
337 4345 436 4400 Pollux
450 4345 488 4398 IV
504 4348 574 4402 128f
589 4377 622 4386 -
642 4350 702 4406 lot
727 4351 782 4420 vgl.
801 4351 896 4407 Nauck
914 4351 998 4405 TGF²
1014 4367 1040 4420 p.
1057 4350 1122 4404 443*
1141 4377 1172 4386 -
1191 4346 1256 4403 301
1271 4343 1324 4414 vgl.
1344 4343 1451 4410 Gregor

138 4444 163 4480 v.
176 4425 240 4482 Μαι.
253 4428 379 4498 01111140,
389 4431 422 4484 37
432 4457 465 4473 =
476 4432 571 4500 Migne
584 4433 608 4485 S.
623 4433 667 4488 Gr.
681 4434 734 4490 vol.
743 4437 784 4498 36,
797 4437 848 4490 col.
857 4439 906 4489 411
921 4435 1014 4504 (irrigo
1027 4435 1199 4501 Vermutung
1210 4432 1257 4484 des
1268 4425 1450 4491 Scholiaaten)

224 4548 239 4602 l
271 4547 512 4615 ουμποσιάζοεσιν
530 4549 610 4604 Schw
629 4553 887 4622 συμπλησιάζονοιν
904 4553 955 4607 ΡΜ
981 4557 985 4622 l
1009 4553 1026 4608 5
1054 4546 1215 4622 φανερώσω
1234 4543 1313 4614 (ώσω
1330 4547 1359 4601 in
1376 4547 1449 4612 Bm.)

139 4627 350 4700 Ρ21γυμνύισω
369 4635 396 4703 (γ
415 4633 443 4686 in
462 4633 535 4702 Ras.)
554 4635 589 4686 P²
604 4637 607 4702 Ι
624 4635 642 4690 8
660 4631 705 4706 ἐφ’
724 4637 795 4693 Poll.
814 4633 864 4709 ἀφ’
882 4639 960 4692 Schw
