3520 5498
310 434 349 494 76
897 425 1030 480 Clemens.

310 585 364 660 ότι
393 587 537 676 μάλιστα
566 586 645 678 ύμῖν
675 587 740 678 τήν
763 585 911 676 φθοράν,
943 585 990 671 οίς
1012 593 1152 671 ἐκείνοις
1174 587 1215 661 τὸ
1238 593 1350 677 γῆρας,
1382 583 1618 662 ἀποδύσασθαι

308 696 406 779 δοθῇ.
442 685 610 761 ἀκούσατέ
631 717 697 778 μου
717 696 774 759 καὶ
796 688 841 779 μὴ
864 688 907 760 τὰ
930 679 1005 759 ὦτα
1028 683 1219 776 ἀποβύσητε
1233 694 1315 777 μηδὲ
1331 687 1392 771 τὰς
1407 685 1514 772 ἀκοὰς
1534 686 1617 762 ἀπο-

309 787 468 879 φρόξητε,
501 785 574 862 ἀλλ’
598 793 644 872 είς
675 794 759 860 νοῦν
789 786 934 872 βόλεσθε
963 786 1006 858 τὰ
1029 783 1201 876 λεγόμενα.
1242 786 1351 860 καλόν
1373 793 1443 860 ἐστι
1466 789 1509 860 τὸ
1533 787 1647 877 φόρ··ῖ

308 918 418 978 μακον
441 895 501 977 τῆς
522 885 721 971 ἀθανασίας·
765 885 912 976 στήσατέ
932 917 1017 960 ποτε
1041 887 1121 969 τοῦς
1144 882 1265 971 ὁλκούς
1287 886 1367 970 τούς
1388 888 1618 976 ἐρπηστικούς.

274 991 359 1061 διαί
383 989 446 1077 γὰρ
469 993 585 1076 ἐχθροὶ
607 997 725 1078 κυρίου
752 993 838 1076 χοῦν
867 993 1041 1072 λείξουσιι,
1073 993 1177 1076 φησίν
1199 984 1230 1076 [ἡ
1252 985 1364 1076 γραφὴ
1387 995 1499 1075 λέγει]
1544 984 1618 1058 ἀνα-

308 1087 448 1161 νεύσατε
480 1094 541 1176 τῆς
569 1093 630 1177 γῆς
660 1091 706 1169 είς
737 1092 866 1174 αἰθέρα,
897 1082 1110 1174 ἀναβλέφατε
1140 1091 1187 1168 είς
1217 1082 1380 1175 οὐρανόν,
1411 1085 1618 1174 θαυμάσατε,

308 1187 485 1259 παύσασθε
513 1192 785 1274 καραδοκοῦντες
816 1193 891 1259 τῶν
922 1191 1062 1257 δικαίων
1090 1185 1156 1274 τήν
1176 1191 1329 1274 πτέρναν
1350 1195 1406 1258 καί
1431 1186 1515 1276 »τὴν
1538 1184 1619 1260 όδόν

310 1292 370 1375 τῆς
392 1283 572 1375 ἀληθείας(
606 1289 856 1375 ἐμποδίζοντες·
902 1283 1063 1375 φρόνιμοι
1085 1291 1221 1376 γένεσθε
1247 1292 1303 1356 καὶ
1322 1283 1488 1372 ἀβλαβεῖς·
1532 1287 1646 1377 τόχα3

309 1415 378 1459 που
400 1381 418 1458 ὁ
440 1385 557 1474 κύριος
587 1382 784 1474 ἁπλότητος
813 1382 890 1473 ύμῖν
921 1383 1108 1475 δωρήσεται
1130 1383 1260 1472 πτερόν
1308 1392 1493 1473 (πτερῶσαι
1514 1387 1619 1475 προή·

259 1510 292 1565 10
310 1514 409 1575 ρηται
431 1486 513 1569 τούς
534 1489 702 1575 γηγενεῖς),
724 1489 780 1557 ίνα
810 1485 851 1575 δὴ
882 1485 964 1568 τοὺς
985 1485 1154 1574 χηραμούς
1174 1491 1440 1569 καταλείποντες
1461 1485 1617 1576 αἰτήσητε

309 1584 390 1668 τοῦς
412 1581 585 1674 ούρανούς.
621 1582 730 1674 μόνον
750 1590 785 1672 ἐξ
807 1579 887 1673 ὅλης
901 1590 1040 1673 καρδίας
1054 1581 1328 1675 μετανοήσωμεν,
1352 1581 1400 1667 ω“ς
1419 1579 1484 1673 όλη
1499 1593 1618 1678 καρδίᾳ

310 1691 498 1776 δυνηθῆναι
527 1690 678 1773 χωρῆσαι
709 1683 772 1756 τὸν
802 1683 894 1756 θεόν.
939 1689 1117 1756 »ἐλπίσατε
1139 1678 1192 1755 ἐπ’
1215 1680 1350 1770 αύτόνι,
1382 1693 1473 1775 φησί,
1507 1693 1646 1757 τπᾶσαῖ

309 1784 487 1876 συναγωγή
520 1790 618 1868 λαοῦ,
649 1789 779 1872 ἐκχέετε
810 1783 959 1855 ἐνώπιον
991 1781 1097 1854 αὐτοῦ
1126 1781 1237 1866 πόσας
1258 1782 1320 1866 τὰς
1340 1790 1478 1875 καρδίας
1499 1782 1613 1874 ὑμῶν(

203 1904 213 1922 ·
307 1883 393 1971 πρὸς
415 1885 496 1968 τούς
516 1884 636 1968 κενούς
658 1890 719 1972 τής
740 1889 906 1972 πονηρίας
928 1891 1027 1972 λέγει·
1050 1888 1136 1956 ἐλεεῖ
1152 1891 1208 1954 καί
1222 1883 1436 1972 δικαιοσύνης
1450 1895 1588 1973 πληροῖ·

258 2010 290 2063 15
308 1991 498 2059 πίστευσον,
512 1983 697 2074 όνῖθρωπε,
707 1979 887 2072 ἀνθρώπῳ
902 1986 959 2054 καὶ
974 1990 1062 2073 θεῷ·
1092 1990 1283 2068 πίστευσον,
1306 1983 1474 2070 ἄνθρωπε
1488 1992 1541 2074 τῷ
1557 2011 1616 2057 πα·
1632 1995 1689 2050 S4P
1702 1993 1725 2046 31

308 2079 411 2154 θόντι
441 2091 497 2155 καὶ
526 2088 824 2173 προσκυνουμένην,
860 2089 933 2173 θεῷ
966 2089 1072 2168 ζῶντι
1115 2082 1316 2155 πιστεύσατε
1353 2087 1386 2156 ολ
1417 2089 1535 2156 δοῦλοι
1565 2090 1645 2174 τῷῡ

309 2189 433 2272 νεκρῷ·
478 2181 604 2266 πάντες
627 2182 812 2272 ἄνθρωποι
834 2181 1034 2254 πιστεύσατε
1055 2177 1151 2272 μόνῳ
1173 2190 1225 2273 τῷ
1247 2180 1393 2255 πόντων
1414 2179 1616 2271 ἀνθρώπων

308 2289 395 2371 θεῷ·
418 2281 618 2354 πιστεύσατε
639 2288 695 2352 καί
716 2280 842 2371 μισθόν
864 2279 983 2367 λάβετε
998 2289 1181 2371 σωτηρίαν·
1207 2280 1426 2372 »ἐκζητήσατε
1442 2281 1506 2354 τὸν
1522 2279 1614 2366 θεόν,

308 2389 364 2452 καὶ
395 2379 529 2470 ζήσεται
550 2379 570 2471 ή
594 2382 683 2472 ψυχή
714 2379 835 2469 ῦμῶνπ
882 2377 1077 2470 ὁέκςητοῦν
1106 2379 1170 2451 τὸν
1200 2381 1286 2454 θεὸν
1317 2381 1382 2470 τήν
1403 2388 1493 2453 ίδίαν
1515 2393 1614 2453 πολυ

257 2499 496 2570 ροπραγμονεῖ
524 2489 709 2572 σωτηρίαν·
751 2473 844 2568 εὗρες
865 2478 930 2553 τὸν
951 2479 1050 2566 θεόν,
1083 2485 1164 2569 ἔχεις
1187 2481 1253 2570 τήν
1275 2479 1373 2571 ζωήν.
1417 2479 1610 2572 ζητήσωμεν
1628 2505 1697 2566 lom

309 2571 379 2663 οὖν,
403 2583 457 2651 ίνα
478 2587 534 2651 καί
557 2579 718 2670 ζήσωμεν.
755 2575 773 2650 ό
795 2577 917 2668 μισθός
933 2586 993 2671 τῆς
1009 2577 1169 2668 εύρέσεως
1185 2578 1255 2671 ζωή
1270 2580 1361 2670 παρὰ
1377 2588 1458 2670 θεῷ.
1497 2578 1612 2671 »ἀγαλ-

309 2677 508 2752 λιόσθωσαν
538 2687 594 2751 καὶ
616 2675 912 2769 εύφρανθήτωσαν
942 2684 997 2750 ἐπὶ
1020 2686 1073 2752 σοὶ
1094 2677 1222 2764 πάντες
1244 2686 1276 2752 οί
1299 2686 1481 2770 ζητοῦντές
1503 2706 1539 2752 σε
1559 2689 1611 2752 καὶ

308 2785 500 2868 λεγέτωσαν
519 2780 573 2852 διὰ
594 2777 734 2864 παντός,
756 2777 1007 2868 μεγαλυνθήτω
1031 2775 1049 2850 ὁ
1071 2777 1180 2862 θεός(
1216 2777 1319 2862 καλὸς
1333 2774 1438 2869 ὕμνος
1452 2787 1517 2852 τοῦ
1531 2787 1612 2852 θεοῦ

308 2876 484 2962 ἀθάνατος
507 2879 704 2967 ἄνθρωπος,
728 2877 921 2966 δικαιοσύνη
945 2878 1236 2969 οἰκοδομούμενος,
1257 2884 1294 2950 ἐν
1317 2870 1346 2966 ᾧ
1369 2879 1413 2950 τὰ
1435 2876 1532 2969 λόγια
1555 2887 1613 2970 τῆς

255 3001 288 3056 25
307 2974 469 3069 ἀληθείας
499 2977 746 3069 ἐγκεχάρακται.
788 2983 857 3050 ποῦ
886 2977 949 3068 γὰρ
982 2974 1149 3067 ἀλλαχόθι
1171 2974 1193 3067 ή
1214 2983 1252 3050 ἐν
1281 2979 1436 3066 σώφρονι
1458 2987 1548 3070 ψυχή
1570 2987 1612 3052 δι-

306 3079 491 3170 καιοσύνην
513 3085 737 3169 ἐγγραπτέον;
757 3083 825 3150 ποῦ
848 3073 997 3166 ἀγάπην;
1017 3084 1103 3149 αίδιῦ
1126 3084 1161 3149 δέ
1182 3085 1266 3163 ποῦ;
1287 3075 1468 3168 πραότητα
1483 3085 1519 3150 δὲ
1533 3087 1613 3163 ποῦ;

306 3177 441 3262 ταύτας,
470 3181 571 3270 οἶμαι,
603 3178 665 3262 τὰς
686 3185 782 3262 θείας
804 3175 935 3266 γραφὰς
957 3180 1353 3267 ἐναποσφραγισαμένους
1373 3178 1436 3267 χρὴ
1459 3186 1502 3266 τῇ
1525 3187 1610 3268 φυγῇ
1628 3203 1642 3257 2

305 3277 413 3349 καλὸν
435 3275 621 3368 ἀφετήριον
644 3286 769 3366 σοφίαν
791 3273 944 3364 ἡγεῖσθαι
966 3295 1039 3358 τοῖς
1061 3272 1114 3364 ἐφ’
1141 3271 1259 3348 ὁτιοῦν
1281 3283 1344 3350 τοῦ
1364 3285 1441 3362 βίου
1461 3297 1613 3366 τραπεῖσι

305 3383 423 3464 μέρος,
444 3371 550 3466 όρμον
571 3405 610 3448 τε
631 3377 696 3467 τὴν
716 3373 825 3464 αύτήν
847 3373 998 3463 ἀκύμονα
1028 3385 1198 3466 σωτηρίας
1220 3385 1345 3464 σοφίαν
1367 3384 1528 3467 νομίζειν·
1571 3373 1643 3450 δι’ἑῖ

255 3498 289 3553 30
307 3474 349 3565 ἣν
371 3473 496 3564 ἀγαθοὶ
518 3483 578 3567 μὲν
600 3483 743 3564 πατέρες
765 3482 899 3546 τέκνων
922 3477 953 3546 σί
975 3480 1027 3565 τῷ
1049 3482 1153 3563 πατρὶ
1169 3475 1513 3567 προσδεδραμηκότες,
1537 3478 1612 3567 ἀγα·

307 3581 364 3646 θοὶ
387 3580 422 3645 δὲ
445 3581 599 3663 γονεῦσιν
619 3579 686 3647 υίοὶ
709 3578 741 3646 οί
763 3573 826 3646 τὸν
848 3573 924 3646 υίὸν
945 3571 1156 3663 νενοηκότος,
1178 3570 1302 3666 ἀγαθοὶ
1319 3583 1353 3648 δὲ
1369 3575 1490 3663 ἀνδρες
1505 3606 1613 3666 γυναι-

390 3731 407 3786 6
426 3730 499 3786 Psal.
518 3732 559 3795 71,
578 3731 594 3785 9
620 3759 653 3768 -
680 3730 772 3785 6-11
793 3729 945 3784 Vielleicht
963 3747 1010 3783 aus
1029 3729 1078 3784 der
1095 3729 1373 3802 Ροίιτοεεροίεείγρεος
1400 3733 1456 3801 vgl.
1475 3732 1612 3798 Ηυωεοίι,

305 3802 515 3884 Uberlieferung
532 3817 557 3870 S.
576 3817 608 3870 31
627 3844 659 3854 -
680 3815 694 3869 7
718 3815 774 3883 vgl.
793 3813 860 3867 Gen.
879 3817 902 3878 3,
922 3817 966 3880 15;
985 3813 1058 3868 Psal.
1076 3817 1117 3881 55,
1137 3817 1151 3869 7
1170 3845 1204 3853 —
1224 3815 1459 3885 vtvg1.111³etr.
1478 3817 1502 3882 2,
1520 3818 1536 3871 2
1555 3820 1612 3884 (un-

305 3899 404 3968 gewiss)
434 3929 467 3940 -
494 3899 539 3954 91
553 3904 607 3970 vgl.
625 3899 706 3954 Plabo
725 3897 825 3954 Phiidr.
843 3916 868 3969 p.
887 3900 938 3954 248
956 3899 977 3954 O
996 3917 1021 3953 u.
1039 3904 1063 3953 ὃ.
1086 3929 1120 3938 -
1144 3899 1611 3965 121Ρει1.61,ο-181Ρεε1.

304 3985 344 4050 68,
363 3985 445 4039 33-
465 3985 581 4039 21-28
599 3983 670 4038 Ρεαί.
689 3984 730 4046 69,
748 3985 764 4038 5

388 4119 407 4174 4
427 4115 613 4190 έριιηστικοὺς
629 4121 665 4174 P³
683 4117 863 4192 ἐρπιστικοδς
874 4119 912 4172 P*
927 4120 964 4185 15
984 4119 1010 4188 [ἡ
1028 4121 1126 4190 γραφὴ
1145 4117 1230 4190 λέγει]
1249 4120 1313 4186 Mal
1335 4120 1354 4175 θ
1372 4118 1489 4192 πτερὸν]
1506 4119 1611 4188 μισθόν

303 4203 381 4259 Schw
397 4204 401 4272 Ι
416 4211 562 4274 πτερῶσαι
580 4200 663 4273 (γὰρ)
683 4204 722 4259 Ρο
738 4204 741 4271 Ι
759 4203 797 4258 10
814 4201 970 4274 χηραμούς]
989 4223 1005 4272 η
1028 4202 1057 4255 in
1082 4203 1144 4257 Bas.
1167 4205 1201 4258 ΡΙ
1217 4206 1220 4272 Ι
1239 4203 1277 4260 14
1302 4201 1404 4269 κενούς
1430 4205 1473 4257 M²
1497 4203 1612 4267 καινούς

302 4289 369 4343 PM*
393 4289 397 4355 Ι
422 4289 459 4344 16
478 4291 639 4354 πίστευσον,
658 4283 802 4359 τ’ίνθρωτιε,
815 4287 866 4361 τῷ]
883 4288 1036 4342 πίστευσον
1049 4283 1196 4363 ἀνθρώπῳ
1207 4291 1238 4342 st
1256 4287 1426 4345 πιστεύσατε
1444 4284 1609 4360 (σίνεκροθ

303 4379 344 4445 τῷ
362 4379 453 4445 νεκρῷ
471 4379 510 4446 τῷ
529 4373 576 4426 Ma
590 4374 593 4442 Ι
609 4372 644 4429 17
665 4373 769 4447 νεκρῷ]
786 4372 874 4445 κυρίῳ
893 4372 925 4426 st
942 4369 1082 4446 ἐλευθέρῳ
1101 4372 1248 4427 Markland
1266 4371 1358 4448 δούλῳ
1377 4373 1444 4443 (vgl.
1462 4371 1533 4428 Phil.
1551 4373 1575 4435 2,
1586 4375 1610 4434 7)

304 4458 369 4524 Μει]
390 4457 430 4513 28
447 4451 545 4527 ῦμνος]
564 4456 634 4523 ναὸς
645 4457 812 4524 Markland!
838 4457 877 4512 26
896 4449 914 4526 ή
932 4487 965 4494 -
983 4461 1060 4527 ψυχή
1078 4457 1152 4526 Mn>
1172 4487 1204 4496 —
1223 4459 1298 4528 φυχι]
1317 4457 1402 4523 ΡΜἿ
1427 4458 1466 4513 28
1484 4456 1610 4526 [σοφίαν]

303 4541 382 4594 Schw
397 4543 400 4609 Ι
416 4549 547 4613 τραπεῖσι
565 4541 604 4597 Ρο
622 4549 756 4614 τραφεῖσι
774 4542 795 4595 Ρ
810 4541 815 4608 Ι
848 4541 887 4596 29
906 4542 956 4608 τὴν
974 4539 1060 4609 αὐτὴν
1079 4542 1125 4595 Ma
1137 4539 1187 4596 τδν
1200 4539 1287 4596 αὐτὸν
1306 4541 1327 4594 Ρ
1342 4544 1346 4609 Ι
1362 4542 1399 4597 31
1413 4549 1547 4609 γονεῦσιν
1556 4539 1610 4596 υὶοί

303 4623 341 4678 Ρο
360 4633 455 4695 γονεῖς
472 4623 566 4681 υίιλσιν
583 4627 605 4679 Ρ
623 4629 646 4696 (e
667 4626 735 4680 iiber
752 4645 770 4680 α
783 4628 827 4694 1³1)
845 4627 956 4696 γονέων
974 4623 1041 4692 υἱεῖς
1059 4627 1206 4680 Markland
