3510 5474
303 455 364 518 236
891 453 1024 510 Clemens.

303 620 358 685 καὶ
381 607 436 684 ὅτι
457 610 602 703 μάλιστα
624 611 809 704 ὀλιγίστων
831 613 1003 706 δεόμενος·
1036 613 1195 706 ἀνενδεὴς
1226 620 1261 687 δὲ
1283 609 1388 702 μόνος
1410 609 1429 685 δ
1454 613 1536 696 θεὸς
1558 621 1614 685 καὶ

302 720 407 803 χαίρει
422 711 567 802 μάλιστα
588 719 650 802 μὲν
670 714 929 805 καθαρεύοντας
951 713 1036 806 ἡμᾶς
1059 711 1154 805 δρῶν
1175 721 1226 804 τῷ
1243 720 1304 803 τῆς
1319 719 1469 797 διανοίας
1483 712 1613 802 κόσμῳ,

304 817 419 885 ἔπειτα
450 819 485 884 δὲ
514 819 644 904 καὶτῷ
668 814 919 905 τοῦσώματος,
950 811 1057 905 ἀγνὴν
1086 811 1229 904 στολήν,
1261 811 1499 902 σωφροσύνην,
1522 841 1613 902 περι·
1732 869 1733 902 η

302 919 534 1003 βεβλημένους.
577 920 752 1002 τριγενσῦς
774 906 837 988 σύν
857 913 1071 1004 ὑπαρχούσης
1093 920 1155 1004 τῆς
1178 920 1285 1004 φυχῆς
1306 911 1347 984 τὸ
1370 911 1506 1002 νοερόν,
1530 907 1549 983 ὃ
1573 917 1647 1002 dis?
1732 913 1733 924 *

268 1011 498 1102 σλογιστικὸν
528 1025 690 1098 καλειται,
719 1007 738 1084 0‘
770 1013 957 1101 ἀνθρωπδς
979 1021 1072 1086 ἐστιν
1094 1009 1113 1084 δ
1136 1015 1245 1098 ἔνδον,
1276 1008 1380 1084 δτυῦ
1402 1019 1616 1101 φαινομένου

304 1118 403 1184 τοῦδε
424 1111 540 1200 ἄρχων
572 1111 773 1202 ἀνθρώπου,
804 1111 911 1188 αύτόν
933 1121 969 1186 δὲ
991 1119 1123 1186 ἐκεῖνον
1146 1112 1250 1194 ἀλλος
1272 1111 1352 1200 ἄγει,
1375 1108 1469 1194 θεός·
1514 1110 1556 1183 τὸ
1579 1117 1613 1182 δε

304 1208 459 1300 θυμικόν,
482 1218 649 1301 θηριῶδες
672 1207 723 1296 ὄν,
745 1222 892 1303 πλησίον
913 1221 1033 1301 μανίας
1056 1219 1152 1286 σίκεί·
1174 1211 1399 1301 πολύμορφον
1422 1217 1457 1283 δὲ
1481 1209 1522 1283 τὸ
1545 1217 1617 1282 έπι-

303 1311 495 1401 θυμητικὸν
524 1318 579 1382 καὶ
610 1319 739 1398 τρίτον,
770 1309 854 1402 ύπὲρ
887 1313 951 1386 τὸν
981 1319 1126 1402 Πρωτέα
1161 1309 1224 1384 τὸν
1254 1307 1447 1384 θαλάττιον
1469 1316 1616 1401 δαίμονα
1733 1323 1734 1328 ’

303 1419 473 1495 ποικίλον,
496 1410 622 1484 ἄλλοτε
637 1411 751 1496 ἄλλως
765 1410 1148 1504 μετασχηματιζόμενσν,
1164 1415 1211 1495 είς
1225 1419 1372 1501 μοιχείας
1385 1419 1440 1480 καί
1457 1420 1614 1500 λαγνείας

254 1520 287 1576 10
302 1517 359 1582 καὶ
381 1516 427 1592 είς
449 1511 584 1602 φθορὰς
605 1509 919 1602 έξαρεσκευύμενσν·
937 1517 962 1604 Ι,

556 1640 633 1733 ἦτοι
655 1649 716 1735 μὲν
737 1645 915 1732 πρώτιστα
938 1653 1027 1718 λέων
1049 1642 1155 1736 γένετ’
1178 1643 1356 1735 ἠυγένειος,
1630 1661 1730 1720 251Ρ1

304 1781 354 1850 ἔτι
382 1786 500 1867 φέρων
523 1777 586 1850 τὸν
607 1776 866 1867 καλλωπισμόν·
909 1777 1016 1868 ἀνδρα
1046 1786 1213 1851 δείκνυσιν
1235 1775 1255 1867 ἡ
1278 1784 1340 1850 τοῦ
1361 1787 1492 1868 γενείου
1513 1776 1613 1868 κόμη
1734 1754 1735 1810 ί

492 1908 599 1998 αύτὰρ
622 1915 738 1984 ἔπειτα
761 1911 899 2002 δράκων
920 1909 941 2001 ἢ
964 1909 1129 2000 πάρδαλις
1151 1908 1208 2002 ἡδὲ
1229 1919 1329 2001 μέγας
1352 1917 1422 1993 σῦς·

302 2046 521 2118 καταίλισθεν
543 2051 589 2127 είς
611 2045 675 2134 τὴν
698 2041 872 2136 ἀσέλγειαν
895 2041 919 2134 ἡ
938 2053 1150 2134 φιλοκοσμία.
1187 2041 1301 2117 ούκέτι
1322 2051 1477 2135 καρτερῷ
1501 2053 1611 2136 θηρίῳ

253 2154 323 2233 15†
345 2145 532 2234 ἄνθρωπος
555 2153 729 2232 φαίνεται,

493 2283 605 2366 γίνετσ
630 2274 664 2347 δ’
686 2276 792 2368 ύγρὸν
814 2272 904 2366 ὕδωρ
926 2285 982 2350 καὶ
1004 2284 1163 2365 δένδρεον
1184 2275 1408 2369 ὑψιπέτηλον.

304 2417 448 2500 ἐκχεῖται
470 2411 512 2482 τὰ
534 2409 641 2502 πύθη,
664 2412 884 2499 έκβλύζονται
905 2415 940 2483 αί
962 2408 1089 2501 ἡδοναί,
1111 2419 1309 2500 μαραίνεται
1332 2411 1372 2483 τὸ
1394 2408 1532 2494 κάλλσς,
1556 2420 1644 2487 κα14

303 2517 440 2582 θᾶττον
470 2508 658 2584 ἀποπίπτει
688 2517 751 2583 τοῦ
781 2508 933 2584 πετάλου
953 2519 1063 2600 χαμαί,
1095 2505 1181 2584 ὅταν
1204 2509 1310 2586 αύτσῦ
1330 2511 1611 2582 καταπνεύσωσιν

303 2614 337 2682 αί
359 2614 520 2698 ἐρωτικαί
542 2617 602 2700 τῆς
625 2604 752 2700 ύβρεως
775 2617 950 2696 λαίλαπες,
981 2619 1036 2682 καὶ
1058 2619 1140 2700 πρὶν
1161 2608 1183 2702 ἢ
1206 2611 1246 2684 τὸ
1268 2608 1474 2700 μετόπωρον
1497 2615 1612 2683 ίλθεῑν

252 2723 286 2780 20
301 2717 499 2801 μαραίνεται
522 2718 563 2799 τῇ
586 2717 715 2804 φθορᾷ·
738 2707 853 2783 πάντα
874 2709 937 2800 γὰρ
960 2707 980 2801 ἡ
1003 2714 1165 2800 ἐπιθυμία
1189 2719 1317 2800 γίνεταί
1339 2742 1375 2783 τε
1395 2720 1451 2782 καὶ
1466 2707 1611 2784 πλάττε-

304 2841 359 2882 ται
389 2815 444 2881 καὶ
476 2817 668 2898 φενακίζειν
697 2808 873 2894 βούλεται,
905 2813 960 2880 ίνα
980 2810 1181 2900 κατακρύφη
1205 2811 1267 2884 τὸν
1289 2811 1490 2901 ἄνθρωπον.
1534 2806 1642 2892 δδὲᾱ

303 2910 492 2999 ἄνθρωπος
508 2913 644 2994 ἐκεῖνος,
668 2901 697 3000 ᾧ
713 2907 870 2992 σύνοικος
886 2904 904 2981 ὁ
921 2906 1030 3000 λύγος,
1054 2907 1096 2982 ού
1112 2919 1333 2996 ποικίλλεται,
1356 2907 1398 2984 σύ
1411 2907 1610 2983 πλάττεται.

302 3009 440 3101 μορφὴν
471 3013 536 3098 ἔχει
567 3011 631 3100 τὴν
663 3006 858 3098 τοῦλόγου,
890 3014 1103 3100 ἐξομοιοῦται
1124 3017 1176 3102 τῷ
1199 3017 1285 3102 θεῷ,
1314 3005 1417 3093 καλός
1438 3014 1541 3094 ἐστιν,
1571 3007 1612 3082 ού

302 3119 568 3198 καλλωπίζεται·
597 3106 723 3191 κάλλσς
745 3113 815 3180 ἐστὶ
838 3107 879 3181 τὸ
902 3105 1081 3198 ἀληθινόν,
1103 3119 1158 3181 καί
1180 3107 1242 3200 γὰρ
1265 3104 1284 3181 δ
1307 3105 1388 3193 θεός
1403 3115 1509 3182 ἐστιν·
1532 3109 1612 3194 θεὸς

251 3223 285 3278 26
303 3215 338 3280 δὲ
369 3205 538 3292 έκεῖνσςύ
570 3209 759 3298 ἄνθρωπος
791 3218 929 3298 γίνεται,
962 3203 1016 3281 ὅτι
1048 3207 1208 3296 βούλεται
1232 3203 1250 3279 ὃ
1275 3205 1362 3292 θεός.
1406 3205 1525 3295 ὀρθῶς
1546 3210 1671 3307 ἀραχι

302 3311 397 3380 εἶπεν
426 3305 651 3397 Ἡράκλειτος·
697 3308 899 3398 »ἄνθρωποι
930 3317 1020 3394 θεοί,
1058 3316 1135 3382 θεοὶ
1165 3308 1359 3397 ἄνθρωποι.
1411 3306 1512 3399 λόγος
1548 3309 1610 3400 γὰρ

304 3405 445 3492 ωύτύςΊ
492 3407 678 3499 μυστήριον
703 3413 860 3498 ἐμφανές·
903 3405 986 3491 θεὸς
1016 3413 1053 3480 ἐν
1084 3405 1270 3498 ἀνθρώπῳ,
1301 3415 1357 3479 καί
1379 3403 1398 3480 δ
1422 3408 1611 3498 ἀνθρωπσς

302 3505 395 3592 θεός,
417 3515 473 3579 καί
496 3506 536 3578 τὸ
560 3515 692 3598 θέλημα
724 3516 785 3580 τοῦ
814 3507 944 3596 πατρὸς
967 3503 985 3579 ὁ
1007 3517 1143 3598 μεσίτης
1168 3514 1306 3581 ὲκτελεῑ·
1348 3517 1485 3598 μεσίτης
1506 3508 1571 3598 γὰρ
1594 3504 1611 3579 δ

389 3681 404 3736 1
426 3680 724 3749 vgl.Str0m.1181,1;
742 3680 823 3737 Philo
839 3679 879 3735 De
896 3681 958 3734 fort.
971 3681 987 3734 3
1000 3681 1037 3750 (11
1049 3698 1074 3752 p.
1087 3683 1136 3735 377
1150 3681 1188 3750 M)
1207 3676 1265 3737 ἔστι
1283 3701 1339 3754 γαρ
1358 3677 1374 3736 δ
1391 3680 1445 3749 μὲν
1462 3680 1533 3748 θεδς
1549 3679 1612 3738 ἀντ·

302 3765 409 3832 πιδεδς,
437 3757 552 3831 σύδενὸς
580 3757 700 3836 χρῄζων,
728 3759 789 3822 ἀλλ’
815 3758 901 3831 αὐτὸς
926 3759 1156 3834 αὐταρκέστατος
1181 3761 1272 3837 ἑαυτῷ
1299 3797 1332 3806 -
1357 3765 1430 3823 4-8
1455 3767 1512 3836 vgl.
1530 3767 1611 3822 Plato

301 3848 369 3918 Καρ.
388 3848 425 3900 Ν
443 3867 469 3918 p.
480 3852 567 3905 441A
585 3867 611 3903 u.
629 3866 654 3904 α
677 3879 710 3887 -
738 3851 781 3906 81
805 3850 860 3920 vgl.
879 3853 911 3904 A.
930 3849 1005 3908 Otho.
1022 3848 1155 3919 Spriohw.
1174 3849 1200 3903 (1.
1219 3851 1296 3905 Βθω.
1314 3851 1340 3905 S.
1358 3852 1408 3907 289
1427 3851 1562 3920 (Proteus)
1579 3882 1611 3890 -

304 3933 353 3988 11.
377 3933 427 3989 18.
447 3934 485 3990 16
503 3935 519 3988 δ
534 3934 671 3988 456-458
692 3961 725 3972 -
750 3935 789 3989 ξίθ
806 3933 933 3988 Ηευείτίίί
949 3934 1038 3989 1²26?
1058 3935 1199 4003 Βγυεθεες
1227 3935 1283 4005 vgl.
1301 3935 1335 3990 62
1353 3934 1479 3990 Diels-
1497 3937 1538 3994 28
1556 3936 1610 4006 vgl.

301 4017 363 4071 1012
381 4021 405 4084 4,
424 4021 458 4073 34

388 4155 427 4210 δέ
443 4149 701 4226 περιβεβλημένους
712 4153 860 4207 Markland
872 4154 1114 4226 περιβεβλημένοι
1126 4154 1148 4208 Ρ
1161 4151 1401 4228 περιβεβλημένον
1414 4155 1461 4210 Ma
1474 4156 1479 4224 1
1495 4149 1612 4219 θάλλος

303 4237 338 4289 P³
364 4233 457 4303 ἄλλως
483 4239 520 4292 Ρ*
544 4239 548 4306 Ι
575 4239 613 4292 10
640 4232 909 4307 έξαρεσκευδμενον]
935 4234 1241 4309 έμπαρεσκετασμένσν
1268 4238 1356 4309 Ηεγειε
1387 4235 1610 4312 έξαραισύμενσν

302 4321 370 4392 Μαί
387 4325 424 4380 12
443 4318 484 4380 ἔτι
501 4320 645 4392 φεύγοντα
662 4321 869 4391 καλλωπισμὸν
885 4317 997 4393 ἀνδραθ
1025 4321 1136 4378 Milnzel
1162 4317 1202 4379 ἔτι
1229 4323 1317 4395 φέρον
1343 4322 1394 4380 τδν
1412 4325 1491 4378 καίλ.
1510 4317 1612 4396 ἀνδρὸς

303 4407 401 4471 θαίτυί
419 4408 455 4464 15
474 4401 637 4478 ἄνθρωπος]
657 4406 789 4476 συγγενὲς
807 4406 886 4460 Sohw
904 4401 1005 4474 ὅμοιος
1022 4409 1053 4462 St
1079 4401 1194 4476 (ὅμοιος
1212 4403 1242 4474 d>
1270 4403 1355 4478 ἀνθρ.
1374 4407 1415 4463 Ηε
1437 4411 1442 4476 1
1469 4408 1506 4464 111
1529 4408 1611 4477 μετδ-

302 4507 402 4562 ιεωρον
419 4491 455 4546 P³
470 4488 648 4562 μεθόιιωρον
665 4492 703 4545 Ρ*
727 4494 731 4560 Ι
756 4493 796 4548 24
821 4489 927 4558 κάλλος
943 4521 977 4532 -
995 4487 1080 4562 ἐστιν]
1097 4492 1147 4546 καί
1173 4489 1228 4562 γὰρ
1256 4490 1272 4547 δ
1298 4490 1369 4558 θεδς
1395 4491 1510 4561 (καλός)
1537 4487 1612 4548 ἐστιν

302 4573 408 4638 κάλλος
424 4573 457 4630 τδ
476 4571 615 4643 ἀληθινόν
633 4575 680 4630 Μα
694 4575 698 4644 Ι
714 4575 754 4632 25
780 4581 874 4644 (ποιεῖ
893 4571 924 4645 δ)
942 4575 1075 4648 βούλεται
1092 4577 1171 4630 Schw
1195 4577 1200 4644 Ι
1224 4573 1240 4631 δ
1259 4577 1328 4643 θεός
1344 4577 1472 4644 Βετυαγε,
1500 4576 1611 4632 ΗετείτΙ.

303 4657 394 4713 Briese
406 4659 430 4712 S.
443 4661 477 4715 40
495 4655 511 4714 δ
531 4659 638 4724 θεδςΡ
