3520 5480
584 469 711 524 Scholion
729 485 791 524 zum
809 467 1001 541 Probrepticus.
1389 481 1449 542 297

134 638 326 722 τραγῳδίας
347 626 495 721 ύπῆρξεν
516 629 643 720 πατήρ·
680 628 845 714 ιύσαύτονς
866 641 921 704 καὶ
940 629 1075 722 Ὀρφεύς
1098 641 1360 724 διασπαραχθείς
1381 633 1448 707 ύπὸ

134 727 303 818 Ὀδρυσῶν
324 731 429 820 ἄλλης
451 727 615 816 ύπὸθεσις
638 738 826 821 τραγῳδίας
848 739 1032 824 γεγένηται.
1052 738 1132 804 ΡίΜ

221 845 249 916 4,
272 843 353 902 4-7
398 828 527 919 σίραιον
548 831 644 920 άγαν.
665 837 745 901 ΡίΜ

220 943 289 1014 4,4
328 937 560 1019 ληναίζοντας]
592 928 766 1021 άγροικική
789 929 861 1022 φ’δή
884 936 940 1002 ἐπὶ
972 939 1022 1022 τῷ
1046 939 1139 1022 ληνῷ
1162 930 1319 1026 ᾆδομένη,
1351 934 1449 1024 ήκαί

98 1048 117 1101 5
138 1027 224 1120 αύτή
246 1051 412 1121 περιεῖχεν
434 1029 498 1102 τὸν
514 1029 677 1103 Διονύσου
689 1029 899 1121 σπαραγμόν.
933 1029 1025 1103 πάνυ
1041 1038 1076 1103 δέ
1091 1030 1229 1120 εύφυῶς
1242 1041 1297 1104 καὶ
1311 1031 1449 1122 χάριτος

137 1135 290 1220 ἐμπλέως
313 1129 353 1202 τὸ
379 1137 503 1220 »κιττῷ
522 1127 767 1219 άναδήσαντεςι
793 1138 956 1216 τέθεικεν,
978 1126 1064 1221 ὁμοῦ
1084 1139 1147 1220 μὲν
1167 1132 1208 1204 τὸ
1224 1129 1279 1205 ὅτι
1295 1132 1447 1222 Διονύσῳ

137 1231 181 1302 τὰ
203 1228 335 1320 Λήναια
357 1229 533 1304 άνάκειται
555 1229 793 1321 ἐνδειξάμενος,
826 1226 912 1321 ὁμοῦ
942 1237 977 1301 δέ
1008 1237 1064 1302 καὶ
1087 1229 1135 1315 αίς
1156 1240 1317 1324 παροινίᾳ
1338 1238 1448 1302 ταῦτα

136 1337 192 1400 καὶ
213 1337 437 1418 παροινοῦσιν
459 1328 661 1419 άνθριύποις
681 1338 737 1402 καὶ
758 1329 943 1420 μεθύουσιν
965 1328 1238 1422 συγκεκρότηται.
1261 1337 1339 1400 ΡίΜ

220 1443 247 1513 4,
273 1441 310 1503 10
354 1435 527 1521 τηλαυγὲς]
551 1429 680 1518 μακρὸν
703 1427 920 1518 φαινόμενον.
942 1435 1003 1500 ΡΜ

81 1543 118 1596 10
220 1542 248 1614 4,
273 1540 310 1600 12
353 1530 418 1620 τήν
440 1525 637 1619 ύπερτάτην
660 1524 831 1619 ὀρέγουσα]
849 1527 1157 1619 τήνύπερέχονσαν
1171 1535 1373 1602 ἐκτείνουσα.
1390 1535 1449 1602 ΡΜ

220 1643 248 1713 4,
273 1642 309 1701 14
352 1626 646 1705 καταλιιπόντων,
669 1627 872 1715 οἰκούντων]
895 1625 1056 1711 Ἀττικῶς
1082 1626 1159 1700 άντὶ
1174 1637 1238 1701 τοῦ
1252 1637 1449 1702 καταλειπέ-

140 1751 266 1813 τωσαν,
289 1736 498 1801 οἰκείτωσαν.
520 1733 599 1797 P‘2M

220 1840 310 1915 4,1“1
354 1835 547 1914 Καπίωνος]
573 1835 718 1898 Καπίων
749 1825 851 1916 νόμος
880 1829 927 1912 είς
960 1835 1032 1901 τῶν
1058 1835 1304 1918 Τερπανδρίαιν,
1336 1823 1448 1913 ούτονς

137 1925 379 2017 ω’νομασμένος
401 1929 455 2001 διὰ
478 1927 519 2000 τὸ
542 1924 693 2016 άνθηρὸς
716 1929 801 1998 εἶναι
823 1934 879 1998 καὶ
901 1946 974 2010 τοῖς
997 1921 1110 2016 ὄχλοις
1131 1935 1375 2017 κεχαρισμένος,
1407 1923 1448 2000 ὅν

84 2041 117 2094 15
137 2051 221 2114 φασι
247 2033 461 2117 Τέρπανδρον
482 2025 598 2116 εύρεῑν,
621 2026 683 2098 τὸν
706 2033 778 2097 τῶν
800 2035 992 2116 κιθαριστῶν
1014 2024 1131 2117 νόμων
1154 2025 1304 2118 εὑρετήν.
1326 2034 1387 2099 ΡΜ

222 2141 250 2210 4,
276 2137 313 2200 18
367 2126 576 2213 Φρύγιον-
599 2127 742 2215 Διύριον]
765 2121 939 2215 άρμονιῶν
960 2130 1040 2216 είδη.
1062 2132 1140 2198 P²M

220 2217 301 2316 ήχος
323 2231 351 2312 δ,
374 2223 519 2315 πλάγιος
540 2235 690 2315 πρῶτος,
713 2220 857 2315 πλάγιος
878 2224 1047 2314 δεύτερος·
1091 2226 1132 2298 τὸ
1156 2226 1289 2316 Δώριον
1311 2219 1392 2316 ήχος
1414 2233 1442 2310 δ,

136 2325 179 2397 τὸ
198 2324 346 2414 Φρύγιον
361 2317 441 2416 ήχος
455 2324 600 2413 πλάγιος
615 2335 764 2413 πρῶτος,
780 2325 821 2397 τὸ
832 2323 959 2398 Λύδιον
974 2319 1054 2416 ήχος
1062 2325 1207 2417 πλάγιος
1217 2325 1381 2416 δεύτερος.
1396 2333 1447 2396 11³

221 2441 250 2506 4,
273 2438 311 2497 25
356 2421 581 2515 ὀργιάζοντες]
604 2433 959 2515 μυστηριολογοῦντες.
983 2431 1042 2496 ΡΜ

82 2542 118 2599 20
221 2531 339 2604 4151
378 2523 622 2612 ἐκθειάζοντες]
646 2525 911 2613 ἐκβακχεύοντες.
935 2530 994 2595 ΡΜ

221 2639 250 2712 5,
274 2639 292 2697 5
337 2622 385 2708 ούς
408 2630 452 2712 δὲ]
477 2621 554 2696 άντί
577 2631 639 2695 τοῦ
660 2624 746 2711 πρὸς
769 2631 812 2696 δέ.
835 2631 896 2695 ΡΜ

219 2739 247 2805 5,
272 2736 308 2798 18
352 2720 590 2814 παλιμβόλους]
615 2721 751 2806 νόθους,
775 2720 951 2808 άστάτους.
973 2731 1033 2795 ΡΜ

220 2838 247 2906 5,
269 2837 306 2897 21
352 2830 498 2914 κῳδίοις]
521 2830 645 2912 δοραῖς.
667 2828 745 2893 ΡἸΜ

219 2937 246 3008 5,
270 2935 306 2998 31
354 2922 534 3014 τηνάλλαις
558 2928 680 3013 νεκροί]
706 2927 738 2995 οἱ
759 2921 871 3013 μάτην
894 2930 1145 3012 νενεκρωμένοι.
1170 2927 1220 2992 Μ’]

82 3043 115 3098 25
219 3037 246 3104 6,
267 3036 286 3096 2
328 3029 513 3111 ἐπιβαίνειν
533 3024 735 3109 κεκώλυκεν]
759 3016 856 3112 ίίριον
878 3020 1018 3113 ψάμμον
1039 3031 1111 3106 θεὶς
1132 3032 1188 3094 καὶ
1211 3022 1331 3093 είπαίν·
1361 3025 1443 3106 »ἕως

135 3117 202 3196 τάδε
226 3121 331 3214 στήση
353 3131 409 3196 καλ
430 3120 491 3212 ούχ
512 3120 706 3213 ύπερβήοηπ
735 3127 784 3191 11³

219 3236 248 3308 6,
269 3235 288 3294 4
333 3224 467 3312 Δώριον
489 3217 663 3312 άρμονίαν]
687 3220 809 3311 τράποι
833 3219 1025 3313 ἁρμονικῆς.
1046 3228 1108 3292 ΡΜ

218 3336 247 3408 6,
270 3337 288 3395 5
335 3321 484 3408 νεάτους]
510 3320 611 3411 νεάτη
635 3317 742 3412 ὄνομα
763 3329 885 3413 χορδῆς
907 3327 1066 3412 μουοικής
1089 3329 1295 3404 τελευταίας·
1318 3327 1441 3393 νέατον

135 3423 200 3514 γὰρ
223 3423 264 3495 τὸ
286 3415 444 3495 ύστατον.
464 3426 526 3490 ΡΜ

81 3539 116 3596 30
218 3534 247 3606 6,
269 3527 315 3594 91
334 3517 469 3608 Ἰουβάλ]
494 3527 556 3592 τοῦ
577 3528 839 3608 καταδείξαντος
862 3519 1054 3611 ’ψαλτήριον
1074 3530 1130 3594 καὶ
1152 3518 1307 3609 κιθάραν,
1337 3516 1384 3602 ιύς
1406 3525 1444 3591 έν

135 3631 179 3711 τῇ
202 3627 334 3692 Γενέσει
357 3628 549 3710 γέγραπται.
572 3625 632 3690 ΡΜ

218 3734 245 3804 6,
271 3735 305 3793 11
329 3721 397 3808 πρὸ
420 3717 536 3806 αὐτοῦ]
562 3712 628 3792 οίδε
651 3722 713 3794 τὸν
729 3719 917 3809 Νεστὸριον
932 3728 1090 3811 διελέγχει
1113 3723 1172 3792 ἕνα
1186 3727 1242 3793 καλ
1257 3718 1321 3792 τὸν
1336 3717 1444 3791 αύτὸν

136 3819 243 3910 λύγον
265 3826 350 3892 θεοῦ
371 3828 425 3890 καὶ
449 3818 525 3890 υίὸν
547 3827 632 3891 θεοῦ
653 3826 816 3908 δοξάζειν.
838 3827 890 3890 Μ3

218 3933 247 4004 6,
273 3932 309 3992 17
331 3924 443 4010 κρέκη]
476 3927 607 4010 κρέκειν
638 3921 679 3993 τὸ
702 3928 922 4012 διαρηλαφᾶν
944 3919 1005 4003 τὰς
1026 3917 1148 4009 χορδάς
1170 3937 1242 4002 τοῖς
1265 3917 1445 3998 δακτύλοις

81 4037 116 4091 35
134 4027 190 4092 καὶ
212 4025 395 4106 διαπειρᾶν,
427 4027 482 4090 καὶ
513 4020 626 4109 ἐπειδή
658 4019 823 4109 κρούματι
845 4024 954 4093 έοικεν
977 4016 997 4108 ή
1021 4018 1164 4108 τοιαύτη
1186 4016 1443 4108 διαψηλάφησις,

134 4125 265 4208 κρέκειν
287 4123 425 4208 εἴρηται.
450 4124 525 4188 ΡἸΜ

220 4323 333 4393 lfvgl.
351 4323 447 4378 Nauck
463 4324 546 4378 ΤΘΡ1
563 4341 587 4394 p.
606 4325 689 4378 91-
708 4324 773 4380 251
787 4324 859 4378 Hiob
878 4325 919 4386 38,
939 4327 967 4378 11
988 4353 1021 4362 -
1039 4323 1100 4379 801
1120 4323 1175 4393 vgl.
1194 4322 1261 4376 Gen.
1280 4323 1304 4386 4,
1324 4321 1355 4374 ’21

221 4493 481 4563 Ῑδιαοπαραχθείς
499 4492 527 4546 Μ
546 4493 749 4564 διασπαραχείς
768 4489 979 4562 ΡΙθμακρίιν
997 4490 1033 4544 Kl
1056 4489 1060 4556 Ι
1087 4490 1124 4545 18
1151 4493 1279 4543 καπιτῦιν
1296 4487 1442 4558 ΡΜΙτερ·

135 4577 295 4648 πνανδρίων
312 4577 382 4644 ΡΜ]
401 4578 437 4632 16
456 4576 654 4648 τέρπνανδρον
671 4577 742 4645 ΡΜ]
759 4575 799 4631 64
816 4575 928 4647 κρέκειν·
947 4577 977 4629 in
995 4575 1055 4628 Bas.
1075 4575 1111 4627 Ρ2
1125 4577 1129 4642 Ι
1144 4574 1323 4642 διαψιλαφᾶν
1342 4571 1441 4639 Ρ2Μ*]

136 4659 175 4716 86
193 4657 398 4730 διαριλοίφησις
417 4662 498 4716 ΡῚΜ*
