3520 5480
307 425 368 485 260
894 411 1027 466 Clemens.

307 577 410 666 άρτος
432 573 607 667 ἀληθινός,
632 577 737 664 ἄρτος
759 573 925 664 οὐρανῶν.
956 571 1017 647 οὐκ
1039 574 1103 664 ἄρα
1125 583 1210 646 ποτὲ
1233 570 1253 646 6
1275 572 1403 664 άγαθὸς
1426 571 1513 665 ἀνὴρ
1533 575 1645 649 ἄπο-2

305 706 373 766 ρος,
398 678 462 760 ἕως
485 675 528 747 όν
550 681 606 766 έχη
629 676 723 766 σῴαν
744 674 810 764 τὴν
829 689 834 762 Ι
852 672 938 765 πρός
960 673 1045 748 θεόν
1066 670 1262 764 ὁμολογίαν·
1304 673 1445 764 πάρεστι
1465 681 1529 764 μὲν
1552 677 1614 765 γὰρ
1630 683 1699 738 161)

307 774 400 868 αότῷ
424 784 594 850 αἰτεῖσθαι
618 784 675 846 καί
697 772 879 864 λαμβάνειν
902 766 953 844 τάν
975 771 1020 844 ἂν
1051 781 1166 864 δέηται
1186 775 1278 864 παρὰ
1301 775 1519 864 τοῦπατρὸς
1542 784 1615 848 τῶν

306 870 400 949 όλων
430 884 486 949 καὶ
508 883 582 948 τῶν
603 882 701 948 ἰδίων
723 872 922 958 άπολαόειν,
954 881 982 946 εἰ
1005 871 1176 961 φυλάττοι
1198 874 1261 947 τόν
1283 873 1371 946 υίόν·
1405 871 1559 1000 πάρεστι
1582 883 1615 948 δὲ

271 989 288 1042 5
305 984 493 1063 καὶτοῦτο,
516 981 674 1066 μηδεμιᾶς
690 979 819 1058 ἐνδείας
834 971 1065 1046 αἰσθάνεσθαι
1095 1003 1113 1046 ο
1103 969 1415 1097 παιδαγωγικὸς“
1394 982 1493 1063 ημῶν
1512 1005 1616 1050 ουτος
1631 989 1645 1042 3

307 1074 407 1166 λόγος
429 1075 492 1148 τόν
514 1081 668 1148 πλοῦτον
691 1071 768 1164 ἡμῖν
790 1081 916 1160 δίδωσι,
936 1083 992 1145 καί
1013 1085 1177 1146 πλουτεῖν
1199 1104 1239 1146 ου
1230 1070 1388 1160 ’φθόνος
1403 1073 1445 1145 τὸ
1461 1072 1616 1158 άνενδεὲς

305 1183 494 1266 κτωμένοις
515 1171 556 1245 δι’
579 1173 701 1246 αὐτοῦ·
737 1169 756 1246 6
779 1181 905 1247 τοῦτον
928 1177 1016 1262 ἔχων
1038 1173 1102 1246 τόν
1123 1180 1276 1245 πλοῦτον
1299 1182 1468 1258 βασιλείαν
1489 1187 1616 1264 κληρο-

250 1319 268 1361 γ
307 1273 444 1366 νομὴσει
466 1281 558 1348 θεοῦ.

1731 1117 1732 1166 ί

1731 1245 1732 1286 ί

1731 1299 1732 1384 γ

306 1528 392 1596 V.III
415 1517 488 1595 Ὅτι
519 1527 552 1593 αἱ
583 1520 710 1604 εἰκόνες
731 1519 851 1592 καὶτὰ
873 1517 1103 1610 ὑποδείγματα
1123 1527 1283 1611 μέγιστον
1302 1527 1402 1610 μέρος
1424 1527 1485 1610 τῆς
1508 1517 1618 1612 ὀρθῆς

255 1631 288 1684 10
810 1623 870 1690 εἰσι
891 1626 1112 1704 διδασκαλίας.

390 1795 430 1859 Εἰ
461 1795 498 1859 δέ
527 1817 578 1870 τις
600 1783 697 1876 ὐμῶν
719 1784 879 1872 φεύξεται
900 1785 955 1856 διά
983 1793 1102 1870 τέλους
1124 1787 1260 1912 τρυφὴν
1281 1783 1432 1878 εὐτελείᾳ
1454 1787 1685 1875 τιθηνοόέίδ
1731 1823 1732 1868 γ

305 1917 414 1976 μενος,
445 1885 621 1977 μελετήσει
647 1889 733 2007 ῥόον
755 1886 835 1968 τούς
858 1883 1077 1970 ἀκουσίους
1055 1893 1237 1973 υπομένειν
1259 1883 1397 1968 πόνους,
1428 1883 1491 1968 τὰς
1522 1889 1617 1961 ἑκου-

305 1997 397 2072 οίους
420 1996 557 2076 θλίψεις
580 1984 797 2076 γυμνάσματα
819 1993 967 2074 συνεχῶς
988 1984 1191 2073 ποιούμενος
1213 1992 1384 2108 διωγμῶν
1412 1981 1549 2058 ὁπόταν
1572 1993 1617 2071 εἰς

306 2084 507 2176 ἀναγκαίους
529 2089 614 2174 έλθη
646 2082 774 2168 πόνους
795 2091 851 2156 καί
874 2083 1002 2173 φόβους
1023 2092 1078 2157 καί
1101 2084 1219 2169 λύπας,
1254 2083 1315 2158 οὐκ
1338 2079 1588 2175 άμελίτητος”
1566 2115 1617 2156 ων
1731 2129 1732 2180 γ

256 2195 288 2248 15
306 2206 489 2275 καρτερεῖν.
532 2185 586 2257 διά
609 2183 713 2257 τοῦτό
737 2214 793 2256 τοι
813 2190 959 2273 πατρίδα
981 2190 1035 2256 ἐπὶ
1057 2191 1117 2274 γῆς
1139 2181 1202 2256 οὐκ
1224 2189 1356 2274 ἔχομεν,
1380 2181 1428 2266 οός
1449 2181 1492 2254 ἂν
1513 2215 1614 2256 κατα·
1731 2219 1732 2234 ¹

307 2305 492 2409 φρονοῑμεν
514 2292 587 2356 τῶν
607 2289 763 2373 ἐπιγείων
778 2281 971 2373 κτημάτων,
997 2280 1278 2405 Ὴπλουσιωτάτη
1279 2281 1356 2355 δὲ
1336 2313 1356 2374 η
1379 2280 1527 2404 εὐτέλεια
1550 2287 1644 2372 ἕξις.)
1731 2351 1732 2376 η

306 2377 390 2456 οὖσα
406 2382 640 2474 άνελλιπὴςν
573 2389 640 2454 έν
655 2381 821 2465 δαπάναις
837 2402 910 2466 ταῖς
932 2379 1013 2465 είς“
993 2412 1014 2452 α
1029 2411 1091 2472 χρη
1078 2383 1161 2454 καί
1184 2377 1272 2470 ἐφ’(
1260 2380 1342 2455 όσον
1363 2383 1425 2472 χρὴ
1440 2397 1613 2458 τελεῖσθαι
1731 2409 1732 2412 ’

306 2483 567 2574 προσηκούσαις
590 2491 670 2572 τέλη
693 2482 757 2572 γάρ
778 2483 821 2554 τὰ
843 2480 1076 2572 δαπανήματα.
1118 2476 1213 2564 ὅπως
1235 2489 1296 2570 μὲν
1322 2487 1384 2554 οὐν
1405 2491 1643 2572 ουμβιωτέον3

307 2580 404 2671 άνδρί
428 2583 492 2673 τὴν
473 2602 651 2673 γνυναῑκα
665 2588 811 2670 καὶπερὶ
827 2579 1027 2669 αότουργίας
1042 2589 1097 2654 καὶ
1121 2589 1293 2702 οἰκουρίας
1307 2589 1363 2654 καί
1378 2589 1526 2654 οἰκετῶν
1540 2581 1614 2672 χρή-

254 2689 289 2746 20
307 2705 399 2768 οεως,
415 2684 500 2772 πρὸς
516 2688 678 2753 δὲκαὶ
637 2713 696 2772 της
713 2679 802 2801 τέρας
819 2688 881 2804 106
897 2679 1005 2771 γάμου
1018 2689 1073 2752 καί
1091 2689 1163 2752 τῶν
1179 2675 1242 2752 όσα
1256 2677 1562 2772 γυναιξίνάρμόζει,
1579 2688 1614 2753 έν

307 2792 358 2874 τῷ
382 2790 511 2873 γαμικῷ
543 2788 685 2870 διέξιμεν
708 2778 813 2871 λόγῳ·
857 2778 878 2850 6
870 2779 936 2852 δε
958 2776 1100 2870 άρμόδια
1120 2779 1206 2869 πρὸς
1227 2786 1472 2869 παιδαγωγίαν,
1507 2790 1614 2852 ταῦτα

308 2881 385 2973 ἡμῖν
414 2890 476 2956 νῦν
504 2888 701 2971 παραθετέοι
735 2881 822 2971 μόνα
853 2877 941 2952 έν
921 2886 1121 2970 υπογραφῆς
1151 2887 1241 2970 μέρει
1271 2888 1614 2970 παρασημειουμένοις

308 2990 524 3072 Χριστιανῶν
546 2981 609 3053 τόν
630 2989 712 3066 βίον.
755 2988 810 3052 καὶ
831 2979 872 3068 δὴ
895 2981 938 3052 τὰ
960 2987 1020 3068 μὲν
1042 2992 1184 3051 πλείστα
1204 2975 1268 3069 ἤδη
1295 2987 1449 3051 λέλεκται
1479 2989 1535 3050 καί
1557 3010 1611 3051 πε·
1629 2991 1644 3042 4

307 3081 570 3172 παιδαγάγηται,
602 3076 715 3152 όδε”
700 3108 749 3150 ετι
781 3075 918 3164 λοιπόν,
949 3075 1208 3168 ὑποθησόμεθα·
1253 3077 1377 3168 οὐγὰρ
1399 3079 1500 3167 μικρὰ
1523 3081 1613 3170 ῥοπὴ

255 3189 289 3243 25
308 3188 354 3264 εἰς
377 3190 548 3271 σωτηρίαν
572 3180 614 3251 τά
636 3176 874 3268 ὑποδείγματα.

517 3275 591 3368 ὅρα·

307 3388 409 3471 (μησίν
433 3377 452 3468 6
476 3385 656 3470 τραγῳδία,

643 3495 821 3574 Ὀδυσσέως
845 3492 972 3580 άλοχον
995 3489 1036 3562 06
1057 3498 1243 3565 κατέκτανε

523 3599 722 3684 Τηλέμαχος·
767 3589 891 3682 οὐγὰρ
914 3591 1069 3682 ἐπεγάμει
1091 3590 1188 3664 πόσει
1209 3589 1320 3679 πόσιν,

255 3697 290 3752 30
517 3699 607 3781 μένει
629 3698 664 3762 δὲ
687 3696 724 3762 ἐν
746 3696 851 3774 οἰκοις
873 3688 961 3780 όγιίς
984 3690 1211 3782 εόναστὴριον.

393 3866 408 3920 1
430 3864 485 3934 vgl.
504 3864 566 3918 Joh.
584 3865 608 3927 6,
627 3865 710 3918 32-
729 3863 773 3920 61
789 3863 843 3933 vgl.
862 3864 960 3918 Matth.
980 3866 1004 3932 7,
1023 3867 1050 3927 7;
1069 3864 1157 3918 Mark.
1176 3869 1216 3929 11,
1234 3865 1281 3929 24;
1299 3865 1367 3919 Luk.
1387 3867 1426 3926 11,
1446 3869 1475 3928 93
1493 3865 1556 3920 Joh.
1576 3871 1615 3936 11,

308 3953 352 4012 13;
371 3951 411 4016 16,
429 3950 462 4004 23
481 3981 513 3988 -
533 3948 576 4003 71
591 3948 646 4016 vgl.
665 3965 698 4002 zu
716 3949 741 4004 S.
754 3951 812 4013 258,
826 3949 881 4003 161
896 3977 930 3987 -
949 3949 986 4003 16
1004 3949 1155 4018 ngHebr.
1169 3951 1255 4014 13,14
1273 3979 1306 3989 -
1325 3950 1436 4006 16-16
1454 3951 1510 4020 vgl.
1524 3949 1614 4020 Etym.

307 4035 344 4088 M.
357 4051 377 4088 ε.
393 4051 417 4086 v.
431 4033 555 4102 εὐτελής
575 4035 695 4088 Andron.
715 4033 755 4088 De
772 4033 834 4086 virt.
853 4035 882 4086 et
898 4031 947 4085 vib.
966 4050 991 4102 p.
1004 4034 1074 4099 264
1092 4033 1281 4089 Schuehhardb
1293 4031 1419 4090 εὐτέλεια
1430 4030 1461 4087 δὲ
1477 4027 1534 4098 έξις
1551 4031 1615 4090 ἀνω

306 4117 448 4190 πέραρτος
466 4116 496 4174 ἐν
514 4115 653 4182 δαπάναις
664 4119 713 4172 καί
730 4125 925 4188 παρασκευαῖς
942 4148 974 4156 -
994 4119 1032 4173 21
1053 4118 1107 4188 vgl.
1127 4119 1224 4172 Strom.
1243 4117 1268 4170 11
1287 4119 1345 4174 137.
1364 4121 1426 4182 146;
1445 4117 1481 4170 IV
1499 4119 1614 4179 59-65ς

307 4205 441 4259 125-129
458 4233 490 4243 -
511 4205 626 4262 26-30
645 4201 736 4274 Eun'p.
755 4202 863 4257 Orestes
881 4204 1017 4258 588-590

391 4351 536 4442 ὅένδεγας
553 4350 577 4422 (έ
578 4353 659 4409 νδει
651 4372 680 4407 m
697 4353 804 4422 Βεεί)
809 4353 1063 4422 ίί6ὴμῐνΙιοιείε
1032 4353 1196 4422 6ημῶνΡ
1212 4354 1216 4421 Ι
1233 4355 1271 4410 16
1289 4349 1553 4410 δπότανΜεόπδτ’
1571 4355 1613 4422 ΡΙ

308 4438 372 4494 161
391 4433 447 4504 εξις
465 4431 535 4495 οὖσα
554 4436 704 4506 ἀνελλιπὴς
722 4434 752 4493 έν
770 4437 927 4492 Wendland
945 4438 1053 4503 Quaesh.
1073 4439 1141 4492 Μαε.
1160 4457 1186 4508 p.
1204 4435 1372 4503 6έξισοῠσα
1396 4433 1461 4507 (έξις
1479 4430 1553 4495 οὖσα
1571 4440 1612 4501 1⁴²²)

305 4519 466 4579 δινελλιπέσι
484 4523 541 4590 (δ’
534 4543 563 4577 m
581 4521 644 4576 Rae
663 4523 706 4576 fiir
723 4541 749 4577 ει
767 4520 841 4586 1’³‚'
828 4523 888 4576 sin
906 4521 966 4575 Bas.
986 4522 1007 4573 P
1014 4523 1112 4589 ¹)HSS
1129 4525 1132 4590 Ι
1148 4522 1186 4578 22
1217 4520 1384 4593 παραθετέα
1404 4523 1583 4580 Wakefield
1576 4543 1612 4578 τοι

304 4607 384 4661 Thes.
403 4607 439 4660 Vl
460 4625 485 4677 p.
502 4609 552 4663 25:
571 4605 722 4678 παραθετὰ
740 4607 761 4659 Ρ
778 4609 781 4676 ί
798 4607 837 4662 24
856 4606 967 4674 λοιπόν]
987 4610 1086 4662 λεῖπον
1103 4608 1124 4660 F
1140 4611 1144 4673 Ι
1161 4609 1198 4662 26
1216 4603 1288 4682 δρᾷς
1305 4606 1369 4661 Eur.
