3520 5498
273 347 331 410 138
860 341 992 394 Clemens.

271 509 405 596 παιδείᾳ
436 502 660 591 διεφύλαξεν(
711 503 815 575 »κατά
846 502 909 593 γάρ
940 503 981 574 τὸ
1003 501 1093 574 πολύ
1124 505 1216 584 ἔλεος
1238 497 1359 575 αύτοῦ.
1391 494 1507 586 ούτως
1529 513 1590 574 καὶ

271 599 447 694 όέλεγχος
478 601 610 676 αὐτοῦ(
656 601 764 674 καλὸν
794 609 855 692 μἐν
878 603 940 692 γάρ
963 601 1004 674 τὸ
1034 601 1079 692 μὴ
1101 598 1272 690 άμαρτεῖν,
1303 597 1438 690 άγαθόν
1469 607 1590 674 δὲκαὶ

271 705 312 776 τό
336 700 532 792 ἁμαρτόντα
554 723 740 791 μετανοεῖν,
773 700 888 791 ὥσπερ
911 701 1052 792 ἄριστον
1074 700 1114 772 τό
1136 700 1298 790 ὑγιαίνειν
1320 697 1382 786 άεί,
1415 703 1527 774 καλὸν
1550 709 1589 774 δὲ

270 809 324 872 καί
349 801 389 873 τό
412 799 603 891 άνασφῆλαι
625 808 686 892 τῆς
708 799 820 875 νόσου.
848 801 969 889 -ταύτη
992 831 1046 873 τοι
1060 808 1114 872 καὶ
1131 805 1187 872 διὰ
1205 808 1439 891 Σολομῶντος
1454 830 1588 892 παραγ-
1608 829 1672 892 321

236 909 436 992 όγέλλεται·
483 900 541 972 »σύ
571 909 631 990 μὲν
662 898 775 990 ῥάβδῳ
807 899 964 986 πάταξον
985 901 1049 974 τόν
1070 897 1158 984 υίόν,
1190 901 1255 989 τὴν
1276 907 1312 972 δὲ
1333 902 1452 990 φυγὴν
1476 897 1589 975 αύτοῦ
1608 922 1685 978 ΙΙῖΡ

271 1007 308 1072 ἐκ
330 999 487 1073 θανάτου
509 1003 630 1090 ῥῦσαι(
678 1009 734 1072 καὶ
755 999 873 1074 πάλιν·
900 1002 960 1093 »μὴ
984 998 1113 1090 άπόσγη
1136 997 1262 1090 νήπιον
1281 1000 1463 1076 παιδεύων,
1485 996 1587 1072 εέθυ-

272 1131 328 1174 ναι
351 1108 385 1173 δὲ
409 1099 515 1173 αύτόν
536 1099 659 1191 ῥάβδῳ,
682 1097 723 1171 ού
746 1099 807 1189 γάρ
830 1110 1011 1172 θανεῖται.ι

349 1197 504 1290 Ἔλεγχος
525 1201 588 1290 γάρ
611 1207 666 1272 καί
689 1204 879 1289 ἐπίπληξις,
912 1199 1026 1286 ὥσπερ
1048 1192 1110 1272 οῦν
1132 1207 1188 1272 καὶ
1210 1193 1361 1290 τοῦνομα
1383 1207 1622 1283 αίνίττεται,’·.)

272 1292 372 1372 αῦται
402 1307 526 1390 πληγαὶ
550 1307 656 1388 ψυχῆς
678 1305 754 1380 είσι,
786 1307 1055 1387 σωφρονίζουσαι
1077 1299 1138 1382 τάς
1160 1295 1324 1388 άμαρτίας
1344 1307 1400 1372 καὶ
1423 1297 1586 1372 θάνατον

220 1414 253 1467 10
271 1399 496 1490 άπείργσυσαι,
520 1405 565 1483 είς
588 1405 623 1469 δὲ
645 1400 710 1489 τὴν
732 1398 958 1488 σωφροσύνην
981 1399 1121 1489 ἄγουσαι
1144 1398 1225 1481 τούς
1239 1405 1286 1482 είς
1301 1396 1487 1472 ἀκολασίαν
1501 1398 1584 1472 ύπο-

271 1505 497 1590 φερομένους,
526 1497 633 1587 ταύτη
656 1529 711 1572 τοι
732 1508 787 1570 καὶ
803 1495 953 1570 Πλάτων
972 1499 1036 1588 τὴν
1050 1506 1212 1589 μεγίστην
1230 1505 1291 1586 τῆς
1306 1501 1585 1588 ἐπανορθώσεως
1602 1519 1619 1571 3

272 1599 414 1688 δύναμιν
434 1607 491 1670 καὶ
514 1599 578 1689 τὴν
599 1597 818 1689 κυριωτάτην
839 1596 1008 1685 κάθαρσιν
1031 1597 1094 1668 τὸν
1111 1602 1247 1687 ἔλεγχον
1262 1600 1360 1680 είόώς
1378 1595 1583 1680 ἀκολούθως

270 1705 321 1788 τῷ
346 1695 437 1790 λόγῳ
460 1698 523 1771 τόν
546 1699 589 1770 τά
611 1705 749 1788 μέγιστα
772 1694 972 1786 άκάθαρτον
994 1690 1079 1768 όντα
1102 1695 1308 1770 άπαίόευτόν
1323 1728 1359 1770 τε
1374 1707 1431 1769 καὶ
1446 1699 1583 1786 αἰσχρὸν

271 1806 445 1888 γεγονέναι
475 1798 529 1869 διά
560 1799 601 1871 τὸ
632 1795 837 1888 άνέλεγκτον
867 1800 951 1869 εἶναι
981 1797 1152 1883 βούλεται,
1189 1791 1209 1887 ἦ
1241 1799 1498 1886 καθαρώτατον
1527 1805 1583 1868 καὶ

220 1911 253 1962 15
270 1893 454 1968 κάλλιστον
474 1901 620 1986 έπρεπεν
642 1896 706 1968 τὸν
728 1891 841 1979 όντως
864 1896 1027 1986 ἐσόμενον
1048 1894 1230 1986 εύδαίμονα
1256 1901 1349 1970 εἶναι.
1393 1903 1422 1967 εί
1443 1898 1506 1986 γάρ
1532 1899 1616 1972 »οἱί

271 1995 432 2084 άρχοντες
455 1995 517 2068 σύκ
540 2003 599 2067 εἰσὶ
622 1993 729 2084 φόβος
752 2004 802 2085 τῷ
826 1993 947 2087 άγαθῷ
971 2001 1088 2087 ἐργῳτ,
1109 1994 1219 2081 πῶςό
1242 1997 1338 2086 φύσει
1354 1994 1484 2086 άγαθὸς
1499 1997 1581 2079 θεὸς

272 2095 379 2183 φόβος
411 2101 502 2167 ἐσται
534 2102 584 2184 τῷ
608 2097 651 2184 μὴ
675 2091 921 2185 άμαρτάνοντι;
954 2097 1032 2170 »ἐάν
1054 2103 1089 2168 δὲ
1111 2096 1152 2168 τὸ
1173 2096 1280 2169 κακόν
1300 2104 1409 2185 ποιῇς,
1440 2102 1580 2183 φοβοῦι.

271 2189 291 2284 ᾗ
316 2219 418 2284 φησιν
434 2190 453 2266 ά
473 2191 676 2276 άπόστολσς.
712 2193 765 2266 διά
781 2192 886 2266 τοῦτό
904 2224 959 2267 τοι
973 2203 1029 2266 καὶ
1045 2193 1148 2279 αὐτὸς
1163 2193 1182 2269 ό
1198 2193 1391 2278 άπόστολος
1405 2195 1580 2283 ἐπιστύφει
1598 2223 1660 2284 3η]

271 2291 350 2383 παρ’
383 2295 505 2366 ἕκαστα
537 2294 600 2376 τάς
630 2300 813 2382 ἐκκλησίας
843 2291 922 2364 κατ’
946 2293 1060 2366 εἰκόνα
1085 2306 1205 2384 κυρίου
1236 2303 1292 2368 καί
1314 2292 1581 2384 συναισθόμενος
1598 2317 1662 2373 558

221 2404 254 2458 20
272 2402 333 2484 τῆς
355 2395 479 2465 ἑαυτοῦ
500 2400 686 2482 παρρησίας
707 2403 762 2464 καὶ
785 2400 846 2483 τῆς
868 2401 942 2465 τῶν
969 2391 1170 2467 άκουόντων
1192 2393 1368 2479 άσθενείας
1389 2393 1476 2484 πρὸς
1498 2397 1579 2468 τούς

274 2491 429 2576 Γαλάτας
459 2501 560 2582 λέγει·
607 2494 746 2582 »ἐχθρὸς
776 2491 873 2583 ύμῶν
903 2499 1026 2584 γέγονα
1057 2492 1239 2581 άληθεύων
1269 2491 1379 2584 ύμῖν;ι
1414 2491 1462 2578 σός
1490 2500 1526 2566 δὲ
1549 2502 1614 2566 οἱῖ

270 2591 482 2683 ύγιαίνοντες
504 2590 544 2664 ού
564 2591 746 2682 χρῄζουσιν
761 2600 888 2682 ἰατροῦ,
910 2589 988 2682 παρ’
1005 2588 1087 2667 ὅσον
1102 2597 1279 2684 έρρωνται,
1301 2599 1333 2666 οἱ
1349 2602 1383 2667 όὲ
1399 2601 1580 2675 νοσοῦντες

272 2700 465 2765 ἐπιδέονται
488 2699 549 2783 τῆς
569 2701 697 2782 τέχνης,
719 2688 829 2777 ούτως
850 2701 906 2764 καὶ
928 2689 1021 2782 ἡμεῖς
1042 2699 1074 2764 οἱ
1097 2699 1134 2764 ἐν
1156 2700 1206 2782 τῷ
1229 2702 1291 2784 βίῳ
1307 2701 1490 2775 νοσοῦντες
1506 2701 1580 2778 περί

273 2823 309 2865 τε
341 2791 401 2876 τάς
432 2797 612 2882 ἐπιθυμίας
642 2794 703 2874 τὰς
734 2797 985 2875 ἐπονειδίστους
1006 2800 1083 2881 περί
1105 2823 1143 2864 τε
1165 2794 1226 2877 τάς
1248 2791 1408 2881 άκρασίας
1430 2793 1492 2876 τάς
1514 2799 1580 2866 ἐπι-

220 2905 253 2958 25
272 2891 400 2982 ψόγους
421 2898 477 2962 καὶ
499 2899 575 2978 περὶ
598 2892 660 2976 τάς
682 2892 789 2974 άλλας
810 2900 885 2965 τῶν
906 2900 1036 2963 παθῶν
1059 2893 1250 2983 φλεγμονὰς
1265 2899 1328 2964 τοῦ
1342 2899 1500 2982 σωτῆρος
1514 2899 1581 2965 ἐπι-

272 2992 432 3082 όεόμεθα·
478 2985 496 3062 ό
520 2997 555 3062 δὲ
577 2988 617 3063 ού
644 2991 753 3081 μόνον
775 2993 818 3064 τά
839 2989 924 3082 ἤπια
946 2989 1121 3064 ἐπιπάσσει
1147 2990 1321 3082 φάρμακα,
1353 2989 1440 3065 άλλά
1460 3001 1518 3064 καὶ
1540 2993 1581 3064 τά

358 3179 400 3235 lt
426 3179 475 3234 Sir.
495 3179 674 3242 16,12-2
701 3174 791 3236 καλόν
817 3210 849 3219 -
877 3181 895 3236 4
921 3179 1009 3235 νόσου
1027 3180 1100 3234 Sacr.
1118 3179 1179 3234 Par.
1198 3181 1246 3235 18?
1266 3179 1344 3243 Holl;
1371 3181 1508 3235 Antonius
1526 3182 1580 3234 Me·

270 3266 336 3319 lissa
353 3283 378 3334 p.
391 3266 424 3318 22
438 3265 540 3320 Gesner
559 3293 590 3302 -
610 3265 683 3319 2-4
702 3266 757 3334 vgl.
777 3265 859 3319 Paed.
874 3265 885 3317 1
898 3267 914 3318 4
927 3265 980 3319 mit
992 3268 1073 3319 Anm.
1085 3282 1111 3319 u.
1123 3265 1201 3318 Philo
1215 3264 1255 3318 De
1268 3264 1371 3318 Abrah.
1385 3267 1418 3319 26
1428 3265 1462 3332 (ΙΙ
1476 3283 1501 3334 p.
1515 3269 1531 3321 5
1543 3265 1579 3320 ΜΙ

271 3348 306 3405 τά
341 3353 483 3418 δευτερεῖα
519 3347 635 3418 φέρεται
663 3347 803 3416 μετάνοια
832 3349 1019 3418 τελειότητος,
1056 3341 1153 3418 ὥσπερ
1189 3349 1238 3403 καί
1267 3344 1373 3403 ἀνόσου
1402 3345 1537 3418 σώματος
1564 3349 1579 3418 ἡ

271 3427 344 3502 πρὸς
372 3430 467 3502 όγειάν
494 3430 524 3498 ἐξ
550 3429 702 3498 ἀσθενείας
726 3435 878 3504 μεταβολή.
916 3436 988 3488 Sext.
1007 3434 1088 3502 Pyth.
1107 3433 1179 3486 θοαί.
1199 3433 1256 3488 283.
1298 3433 1354 3487 Aus
1372 3433 1457 3488 (λίθω.
1476 3433 1581 3505 εοίιῠρῆ.

272 3518 333 3572 Isid.
353 3517 576 3587 P01.Ep.1381
604 3548 636 3557 -
665 3519 786 3573 11-15,
807 3519 863 3588 vgl.
891 3519 971 3574 Plato
990 3514 1114 3588 Soph.'p.
1132 3518 1184 3572 230
1201 3517 1249 3571 DE
1276 3517 1321 3573 διὰ
1347 3525 1461 3574 ταῦτα.
1481 3561 1487 3573 .
1506 3512 1580 3575 ,τόν

272 3597 389 3672 ἐλεγχον
414 3598 531 3657 λεκτέον
557 3597 598 3666 ὼς
623 3595 679 3671 άρα
706 3603 823 3672 μεγίστη
841 3605 889 3656 καί
907 3602 1064 3675 κυριωτάτη
1091 3609 1148 3656 τῶν
1165 3599 1340 3672 καθάρσεάιν
1365 3600 1432 3676 ἐστι,
1457 3605 1507 3660 καί
1531 3597 1580 3658 τόν

272 3684 442 3755 ἀνέλεγκτον
460 3680 496 3740 αὖ
514 3685 673 3754 νομιστέον,
697 3681 733 3740 άν
750 3688 799 3742 καί
816 3685 941 3757 τυγχάνῃ
958 3685 1088 3758 βασιλεὺς
1106 3684 1121 3740 ό
1139 3687 1229 3757 μέγας
1246 3681 1295 3753 ὤν,
1323 3687 1359 3744 τά
1376 3686 1495 3757 μέγιστα
1514 3685 1579 3744 άκά·

271 3775 382 3840 θαρτον
409 3763 487 3830 όντα,
515 3768 685 3826 ἀπαίδευτόν
712 3790 742 3827 τε
768 3773 818 3826 καί
836 3769 955 3843 αἰσχρὸν
973 3770 1121 3842 γεγονέναι
1139 3779 1239 3837 ταῦτα,
1267 3767 1515 3838 άκαθαρύιτατον
1533 3773 1578 3827 καί

270 3854 422 3910 κάλλιστον
439 3849 545 3928 ἔπρεπε
563 3850 614 3911 τόν
632 3849 722 3920 όντως
739 3853 878 3923 ἐσόμενον
895 3853 1051 3924 εὐδαίμονα
1069 3849 1142 3911 εἶναι
1160 3885 1193 3894 -
1213 3857 1324 3913 Ιό-Ῑλ
1344 3856 1422 3910 Βόα.
1440 3858 1481 3921 13,
1499 3855 1534 3912 3f
1549 3887 1578 3895 —

272 3939 309 3994 21
330 3937 837 4010 Ga1.4,16—21tvg1.Luk.5,31
858 3939 1010 4008 (Matth.9‚
1031 3939 1383 4008 12;Mark.2‚17)-2ss
1404 3940 1578 4009 vg1.A218;

270 4026 296 4077 Λ
315 4026 372 4078 515.
391 4025 442 4078 830
459 4021 539 4092 (ἤπια
558 4021 696 4094 φάρμακα
715 4022 892 4094 ἐπιτάσσειν)

357 4190 374 4244 2
394 4183 570 4262 ἁμαρτάνειν
589 4189 660 4244 Saer.
679 4191 741 4246 Par.
759 4193 823 4246 Ant„
839 4195 844 4260 1
860 4194 879 4248 θ
896 4193 942 4248 τό1
961 4191 1033 4248 θαοτ.
1052 4193 1113 4246 Par.
1127 4193 1222 4262 (PMR)
1235 4194 1299 4246 Δυίι
1318 4191 1370 4244 wie
1386 4191 1577 4246 ffittershusius

271 4292 303 4327 zu
322 4274 385 4328 Isid.
403 4274 461 4328 Pel.
480 4273 529 4343 Ep.
543 4276 616 4330 1381
634 4270 688 4330 τόν
705 4275 755 4330 FM
771 4278 776 4344 Ι
791 4276 957 4348 ἁμαρτόντα
970 4277 1057 4332 Οοόεί
1075 4279 1124 4332 2ῖλ
1143 4273 1347 4350 ἁμαρτάνοντα
1365 4276 1416 4330 FM
1434 4276 1506 4330 θυαε.
1519 4276 1577 4329 Par.

271 4352 492 4428 ἁμαρτάνοντας
504 4363 568 4413 Ααί.
584 4361 588 4428 Ι
602 4360 764 4430 μετανοεῖν]
783 4357 980 4431 ἐπανάγεσθαι
997 4359 1041 4416 διὰ
1059 4367 1108 4429 τῆς
1119 4363 1273 4428 μετανοίας
1285 4361 1358 4416 Sacr.
1377 4360 1438 4414 Par.
1453 4360 1553 4414 Μαί.
1572 4359 1575 4425 Ι

270 4434 368 4510 καλόν]
389 4438 503 4512 ἀγαθόν
521 4444 641 4512 Ant.14
663 4451 712 4511 τῆς
729 4445 826 4514 νόσου]
844 4445 915 4512 μετά
934 4449 985 4514 τὴν
1003 4446 1090 4501 νόσον
1107 4448 1179 4500 Sacr.
1198 4447 1258 4500 Par.
1276 4447 1341 4500 Ant.
1366 4447 1369 4513 ί
1394 4445 1433 4501 18
1451 4463 1482 4500 τε
1500 4443 1576 4498 Plato

271 4522 300 4580 δὲ
317 4525 370 4580 FM
386 4530 390 4594 Ι
407 4529 445 4583 ⁶26
462 4525 612 4583 ἐπιπάσσετ
630 4527 677 4579 Wi
695 4525 837 4586 ἐπιτάσσει
856 4531 906 4582 FM
