3520 5480
325 425 385 486 252
918 413 1050 468 Clemens.

327 587 443 668 νούχοι
464 587 588 652 πολλοί
610 586 665 650 καὶ
687 569 785 650 οὗτοι
807 584 1008 666 μαστροποί,
1033 583 1083 666 τῷ
1108 571 1294 663 ἀξιοπίστῳ
1319 581 1382 647 τοῦ
1402 576 1448 666 μή
1472 577 1642 648 δύνασθαι

328 688 482 769 φιληδεῖν
512 698 586 760 τοῖς
618 685 663 760 είς
695 675 818 768 ήδονάς
840 684 1019 748 ἐθέλουσιν
1041 677 1207 766 ῥᾳθυμεῖν
1229 672 1441 757 ἀνυπόπτως
1464 678 1643 749 διακονού

327 809 429 869 μενοι.
473 777 630 866 εὐνοῦχος
654 784 689 848 δὲ
711 773 844 866 άληθής
868 773 927 864 ούχ
950 771 968 846 ὁ
990 775 1035 864 μή
1058 772 1250 864 δυνάμενος,
1273 771 1346 848 ἀλλ’
1371 771 1389 846 6
1411 775 1457 865 μὴ
1479 776 1642 866 βουλόμε-

328 907 388 962 νος
410 883 572 969 φιληδεῖν.
617 874 925 966 διαμαρτυρόμενος
947 881 1029 962 γοῦν
1052 870 1070 944 6
1090 872 1190 964 λόγος
1213 875 1266 946 διὰ
1289 881 1351 948 τοῦ
1372 874 1559 965 προφήτου
1574 887 1642 948 Σα-
1661 883 1739 962 2ῖ,1Ι

293 979 435 1068 ὃμουήλ
467 977 551 1065 πρὸς
583 979 663 1060 τούς
693 971 972 1065 παραβεβηκότας
1003 981 1075 1044 τῶν
1097 971 1268 1046 Ἰουδαίων
1301 981 1457 1047 αἰτοῦντι
1489 983 1542 1067 τῷ
1567 985 1641 1067 λαῷ
1738 1005 1739 1060 Ι

328 1084 463 1161 βασιλέα
486 1075 526 1149 ού
549 1076 612 1149 τὸν
635 1075 890 1164 φιλάνθρωπον
919 1070 1128 1161 ύπισχνεῖται
1150 1073 1280 1162 κύριον,
1312 1072 1398 1148 όλλά
1421 1103 1501 1146 τινα
1523 1073 1644 1159 αύτοῑς
1738 1071 1739 1132 Ῑ

328 1175 462 1267 αύθάδη
483 1176 656 1265 τύραννον
678 1174 809 1248 άπειλεῑ
829 1173 1052 1264 τρυφητικόν,
1079 1167 1133 1256 ιός
1157 1173 1336 1265 λήφεταιτ,
1360 1183 1450 1264 φησί,
1476 1175 1560 1258 »τὰς
1582 1189 1643 1246 θυ-
1738 1233 1739 1260 Ι

327 1285 468 1366 γατέρας
498 1274 595 1365 ύμῶν
626 1283 673 1360 είς
694 1276 864 1365 μυρεψοὺς
886 1280 941 1345 καί
965 1281 1011 1357 είς
1032 1283 1244 1364 μαγειρίσσας
1275 1281 1329 1344 καὶ
1350 1281 1397 1356 είς
1418 1276 1640 1359 πεσσούσαςι,
1738 1271 1739 1296 ³

328 1376 423 1466 νόμῳ
454 1384 605 1466 πολέμου
626 1375 801 1466 κρατήσας,
832 1371 894 1450 ούκ
924 1374 1097 1463 εἰρηνικήν
1119 1382 1317 1464 οἰκονομίαν
1344 1376 1506 1464 ζηλώσας.
1549 1381 1584 1446 οἳ
1606 1384 1676 1448 δὲ2
1738 1435 1739 1484 Ι

278 1490 310 1544 10
328 1476 370 1547 τά
393 1494 513 1563 φορεῖα
536 1483 582 1558 είς
604 1469 690 1564 ύψος
713 1481 868 1564 αἴροντες
890 1481 964 1544 τῶν
985 1481 1229 1562 γυναικῶνκαὶ
1244 1471 1643 1564 φοράδηνβαστάςοντες
1738 1491 1739 1508 ’

330 1582 453 1648 Κελτοί
476 1585 613 1647 πολλοί·
657 1579 766 1706 ἔριθοι
794 1582 829 1646 δέ
852 1582 907 1644 καὶ
935 1582 1091 1646 ταλασίαι
1113 1581 1168 1644 καλ
1191 1578 1385 1647 ίστοπονίαι
1406 1582 1462 1645 καὶ
1485 1573 1507 1664 ἡ
1528 1605 1642 1665 γυναι·
1738 1605 1739 1664 j

328 1751 486 1865 γυναῖκας
517 1775 781 1865 διημερεύουσι
778 1803 838 1846 αετ
881 1771 998 1845 αύτοιν
1019 1773 1149 1861 μύθοις
1171 1774 1355 1863 ἐρωτικούς
1378 1731 1643 1863 άδολεοχοῦντεί·

328 1884 383 1947 καὶ
406 1875 446 1946 τὸ
468 1884 564 1964 σῶμα
586 1882 641 1945 καὶ
665 1875 724 1956 τάς
746 1875 854 1962 ψυχὰς
876 1870 994 1944 αὐτῶν
1015 1879 1249 1955 διακναίοντες
1279 1881 1459 1966 ψευδεργίᾳ
1481 1882 1538 1944 καὶ
1561 1898 1644 1962 φευ-

277 1987 309 2040 15
328 1980 475 2068 δολογία.
520 1970 601 2045 »ούκ
624 1975 679 2060 ἐση
704 1979 739 2045 δὲ
760 1971 843 2062 μετὰ
866 1980 1039 2048 πολλῶν(
1072 1980 1183 2061 φησίν.
1209 1976 1282 2042 »ἐπὶ
1304 1982 1413 2065 κακίᾳ,
1437 1971 1516 2046 ούδὲ
1538 2003 1642 2062 προσ·
1660 1996 1676 2047 3

328 2072 417 2164 θήση
448 2103 532 2161 μετα
554 2071 741 2164 πλήθονςι,
773 2066 869 2162 ότιή
891 2082 997 2159 σοφία
1019 2077 1056 2144 ἐν
1079 2068 1217 2160 ὀλίγοις,
1250 2069 1370 2159 άταξία
1393 2081 1428 2146 δὲ
1450 2079 1488 2146 ἐν
1510 2075 1640 2165 πλήθει

328 2181 582 2258 καταφαίνεται
628 2177 661 2242 αἳ
683 2178 719 2242 δέ
741 2202 781 2242 ου
773 2170 857 2243 διά
880 2170 1070 2260 σεμνότητα
1102 2179 1165 2242 τοῦ
1186 2183 1474 2244 κατασκοπεῖσθαι
1497 2175 1544 2263 μή
1567 2177 1644 2261 βού-

328 2283 449 2344 λεσθαι
468 2279 703 2344 συνοινοῦνται
724 2273 805 2356 τούς
828 2293 944 2360 φορεῖς
960 2269 1150 2361 (άγαπητὸν
1170 2271 1233 2393 γάρ
1256 2263 1298 2361 ήν
1314 2272 1366 2356 ἄν,
1390 2279 1418 2344 εί
1432 2303 1474 2361 τη
1459 2281 1643 2346 διαθέσει

328 2371 436 2460 ταύτῃ
451 2369 730 2460 προσεβάλλοντο
747 2372 812 2462 τήν
826 2379 923 2444 σκέπι
921 2381 974 2461 γ,ν)
990 2369 1078 2443 άλλὰ
1094 2371 1328 2462 θρυπτόμεναι
1343 2378 1550 2461 ὲποχοῦνται
1569 2395 1644 2458 τοῖς
1738 2389 1739 2392 ’

276 2484 310 2537 20
329 2476 475 2553 οἰκέταις
505 2470 731 2560 ἐμπομπεύειν
753 2471 953 2560 γλιχόμεναι.
997 2469 1280 2562 ἀναπεπταμένης
1312 2479 1394 2562 γοῦν
1416 2479 1478 2563 τῆς
1500 2470 1719 2557 odiam-261

327 2579 588 2661 περιβλέπουσαι
619 2570 821 2660 δριμύτερον
851 2572 931 2654 τούς
963 2578 1008 2655 είς
1039 2569 1142 2656 αύτάς
1173 2569 1380 2660 άφορῶντας
1410 2579 1643 2662 διελέγχονται

327 2673 392 2742 τὸν
413 2667 559 2757 τρόπον,
582 2669 750 2752 πολλάκις
774 2678 808 2742 δὲ
830 2677 885 2742 καί
907 2671 1164 2760 προκύπτουσιν
1188 2675 1332 2742 ἔνδοθεν
1354 2673 1418 2762 τήν
1433 2671 1643 2746 ἐπιπόλαιον

328 2767 518 2861 σεμνότητα
540 2762 822 2859 καταισχύνουσαι
844 2799 886 2890 τη
910 2767 1150 2856 δλισθαινούση
1178 2781 1358 2864 περιεργίᾳ.
1405 2772 1501 2861 »μή
1488 2781 1642 2860 περιβλέ-
1661 2793 1676 2846 2

327 2901 395 2944 που
417 2878 482 2950 66«,
507 2878 597 2960 φησί,
620 2873 714 2941 ›ssv‘
697 2869 816 2959 ρύμαις
837 2868 982 2993 πόλειης
1004 2877 1086 2959 μηδε
1108 2876 1268 2942 anlavo?
1255 2901 1292 2942 εν
1314 2893 1388 2956 ταῖς
1410 2878 1560 2962 ἐρημίαις
1585 2869 1642 2943 αύ-

276 2979 418 3060 25τήςτ,
442 2970 616 3060 ἐρη“μία
582 3000 643 3060 γαρ
667 2967 714 3051 σός
735 2967 885 3060 άληθῶς
907 3000 971 3042 καν
987 2963 1087 3058 οχλος
1106 2967 1339 3042 ακολαστοιν
1322 3002 1354 3060 η
1379 2976 1464 3043 ενθα
1478 3002 1523 3062 μη
1539 3001 1643 3060 παρε

327 3097 403 3143 στιν
434 3072 621 3160 ἄνθρωπος
641 3077 645 3156 Ι
664 3077 869 3157 σωφρονῶν.
921 3075 1163 3158 περιφέρονται
1195 3077 1230 3140 δέ
1261 3063 1359 3142 αὗται
1391 3068 1456 3142 άνὰ
1489 3071 1532 3142 τά
1566 3073 1739 3161 {cociam

328 3168 530 3259 ἐκθυόμενοι
552 3179 608 3240 καὶ
629 3166 883 3258 μαντευόμεναι,
906 3166 1064 3258 άγύρταις
1083 3177 1137 3240 καὶ
1152 3171 1401 3260 μητραγύρταις
1415 3178 1470 3242 καί
1486 3180 1618 3260 γραίαις

327 3267 537 3358 βωμολόχοις
560 3268 847 3356 οίκοφθορούσαις
870 3264 1030 3358 ὁσημέραι
1053 3269 1351 3358 σομπομπεύουσαι
1373 3279 1428 3340 καὶ
1450 3273 1531 3353 τούς
1546 3273 1641 3362 παρά
1659 3283 1729 3340 2ῖσΡ

328 3389 401 3452 τιιῖς
424 3369 531 3455 κύλιξι
554 3369 780 3457 ψιθυρισμούς
802 3369 958 3456 γραῖκούς
980 3365 1188 3458 άνεχόμεναι.
1213 3375 1337 3455 φίλτρα
1361 3369 1447 3440 άττα
1470 3377 1526 3440 καί
1549 3374 1638 3460 ἐπῳ-

276 3486 310 3541 30
329 3469 387 3551 δὰς
410 3468 500 3556 παρά
524 3475 597 3539 τῶν
620 3466 757 3558 γοήτων
779 3464 830 3540 ἐπ’
855 3463 990 3556 ὀλέθρῳ
1014 3466 1132 3556 γάμοιν
1158 3467 1436 3554 ἐκμανθάνουσαι.
1479 3477 1535 3540 καὶ
1559 3471 1674 3552 τούςί

327 3574 388 3658 μὲν
411 3573 523 3656 έχουσι
547 3575 619 3638 τῶν
641 3564 787 3656 ἀνδρῶν,
810 3567 891 3648 τούς
914 3574 948 3637 δὲ
971 3560 1137 3656 εύγονταιΙΙ
1161 3567 1285 3652 ἄλλους
1307 3574 1343 3638 δὲ
1365 3565 1482 3650 αύταῑς
1505 3573 1537 3640 οἱ
1558 3567 1639 3660 μάν·
1725 3608 1729 3614 ·

328 3695 396 3748 τεις
433 3664 684 3755 ύπισχνούνται.
734 3665 796 3738 ούκ
832 3672 919 3738 ἰ’σασι
956 3673 991 3736 δέ
1026 3663 1247 3756 άπατώμεναι
1276 3675 1330 3738 καὶ
1366 3664 1469 3749 αύτάς
1498 3674 1562 3757 μὲν
1593 3667 1639 3752 οἷς

328 3775 446 3849 σκεῦος
462 3771 649 3839 ἐκδιδούσαι
671 3764 796 3857 ήδονής
818 3785 891 3850 τοῖς
907 3765 1081 3856 λαγνεύειν
1096 3771 1261 3851 ἐθέλουσα
1285 3767 1348 3856 τήν
1364 3773 1398 3838 δέ·
1415 3763 1555 3856 άγνείαν
1577 3770 1640 3858 τήν

415 4006 666 4072 7118am.8,13
692 4035 725 4046 -
745 4005 810 4061 151
834 4004 919 4060 Exod.
939 4005 1014 4070 262
1041 4035 1074 4042 —
1102 4005 1212 4061 15-17
1242 4005 1297 4076 vgl.
1325 4006 1405 4062 Philo
1423 4007 1463 4060 De
1491 4008 1588 4062 ebriet.
1607 4010 1639 4063 '26

328 4091 516 4160 (1636161)
547 4093 598 4160 »μή
618 4093 748 4161 γίνεσθαι
775 4089 847 4158 μετὰ
866 4093 979 4145 πολλῶν
999 4086 1045 4144 ἐπί
1063 4091 1176 4163 κακίαι
1213 4097 1252 4161 τῷ
1271 4087 1327 4162 γάρ
1346 4084 1406 4146 ὄντι
1423 4089 1569 4160 πολύχουν
1587 4091 1639 4160 μὲν

326 4179 374 4231 καί
401 4173 645 4248 πολυφορὼτατον
673 4171 702 4230 ἐν
730 4170 894 4244 ἀνθρώπων
913 4183 1017 4244 φυγαῖς
1035 4173 1067 4228 τὸ
1085 4175 1184 4236 κακόν,
1212 4173 1385 4243 ἐσταλμένον
1403 4173 1433 4230 δέ
1449 4177 1498 4229 καί
1518 4175 1639 4232 σπάνιοι·

327 4260 458 4328 τάγαθόν
477 4292 509 4299 -
528 4261 642 4316 23-25
661 4260 709 4314 Sir.
729 4263 752 4322 9,
773 4263 786 4314 ἶ
1588 4281 1590 4285 ·

411 4443 861 4516 461666966906661203Pssll⁰
880 4451 981 4513 φορεῖα
1000 4443 1036 4496 12²
1059 4447 1146 4513 φοριά
1166 4444 1275 4508 1611ss
1296 4443 1310 4511 ὴ
1330 4453 1362 4502 <
1380 4444 1476 4511 2119
1498 4444 1639 4517 προεβάλ-

325 4533 410 4584 λοντο
430 4528 465 4580 Ρ3
489 4531 493 4594 Ι
518 4530 556 4584 2ss
581 4527 794 4599 περιφέρονται]
821 4530 1054 4599 περιφθείρονται
1075 4530 1172 4594 Cobet,
1201 4528 1333 4583 Mnemos.
1353 4531 1383 4583 11
1403 4529 1490 4596 (1862)
1517 4547 1546 4598 p.
1566 4529 1640 4593 3351

327 4614 366 4668 80
386 4612 514 4682 ὀλέθριον
528 4614 565 4666 P*
581 4617 584 4678 Ι
601 4615 636 4666 31
658 4611 724 4676 τούς
741 4611 771 4666 δὲ
789 4607 919 4682 είῖγονται
939 4613 977 4666 P*
995 4621 1055 4677 τοῖς
1072 4613 1100 4666 δὲ
1119 4609 1231 4682 έχονται
1250 4613 1285 4666 P²
1300 4615 1304 4680 Ι
1319 4607 1416 4678 ἄλλοις
1433 4613 1470 4666 F*
