3510 5474
278 415 336 477 190
867 407 999 462 Clemens.

277 568 466 659 ἀντιλέγειν
487 565 654 660 ἁμαρτίαν
677 567 806 662 άμαθίᾳ
820 575 1126 658 προσφερομένους.
1167 567 1364 658 ιμακάριοςι
1383 568 1430 654 αἱς
1446 568 1591 660 άληθῶς

279 666 392 760 »ἀνήρ
416 664 454 753 ός
477 667 539 741 ούκ
562 667 755 758 οόλίσθησεν
776 674 814 741 ἐν
827 665 972 758 στόματι
998 667 1104 740 αὐτοῦ
1125 678 1181 740 καὶ
1203 667 1244 741 ού
1258 669 1426 761 κατενύγη
1444 675 1483 742 ἐν
1498 671 1589 759 λύπη

276 766 469 861 άμαρτίαςι,
491 766 569 858 ήτοι
590 768 802 858 μετανοήσας
817 767 868 857 ἐφ’
892 769 943 853 οἶς
958 766 1106 858 λαλήσας
1122 765 1270 858 ήμαρτεν
1292 766 1367 859 ἢέν
1391 778 1442 860 τῷ
1457 777 1589 860 μηδένα

277 877 421 960 λυπῆσαι
444 867 599 958 λαλήσας.
632 865 787 942 καθόλου
800 875 862 958 μὲν
882 860 944 940 οὖν
967 875 1038 940 νέοι
1059 875 1120 958 μὲν
1139 877 1195 939 καὶ
1218 867 1367 952 νεάνιδες
1390 867 1439 951 οός
1459 875 1589 942 ἐπίπαν
1609 888 1629 940 5

241 978 350 1045 ὁτῶν
378 976 523 1041 τοιῶνδε
555 967 757 1058 άπεχέσθων
787 965 953 1056 εὐωχιῶν,
985 965 1033 1051 οός
1063 967 1107 1058 μή
1139 967 1349 1055 σφάλλοιντο
1379 979 1456 1058 περὶ
1489 969 1511 1042 ά
1542 972 1588 1061 μή

274 1075 459 1159 προσῆκεν·
491 1076 545 1139 καί
568 1067 631 1158 γάρ
654 1065 849 1156 ἀκούσματα
872 1063 964 1156 ἇήθη
986 1076 1042 1138 καὶ
1064 1065 1219 1156 θεάματα
1242 1075 1247 1153 Ι
1272 1063 1405 1158 ἀπρεπῆ
1427 1099 1588 1158 κυμαινο-
1607 1075 1699 1132 201Ρ

275 1176 377 1259 μένης
399 1171 449 1241 ἔτι
471 1174 507 1240 ἐν
530 1165 646 1250 αύτοῑς
667 1175 728 1258 τῆς
750 1176 897 1248 πίστεως
919 1170 1078 1256 ἐκριπίζει
1100 1168 1164 1258 τήν
1186 1165 1351 1252 διάνοιαν,
1374 1187 1529 1258 συνεργεῖ
1551 1177 1589 1240 δὲ

277 1266 392 1350 ειύτοῑς
415 1269 456 1340 τό
479 1267 631 1339 ἄστατον
653 1274 714 1357 τῆς
736 1263 866 1356 ἡλικίας
883 1263 970 1354 πρός
992 1265 1033 1336 τὸ
1056 1263 1293 1357 εὐκατάφορον
1315 1275 1377 1358 τῆς
1393 1273 1590 1358 ἐπιθυμίας·

278 1366 348 1441 ἔσθ’
372 1363 430 1440 ότε
453 1372 489 1437 δέ
510 1377 566 1438 καὶ
582 1367 697 1451 ἄλλοις
712 1375 885 1454 παραίτιοι
900 1374 1054 1454 γίνονται
1069 1365 1288 1456 σφαλμάτων,
1312 1367 1353 1438 τό
1369 1372 1589 1440 ἐπικίνδυνον

225 1485 259 1542 10
277 1474 338 1556 τῆς
361 1465 453 1557 ὥρας
469 1466 741 1557 ἐπιδεικνύμενοι.
778 1459 814 1536 εὖ
834 1463 896 1553 γάρ
918 1493 972 1556 τοι
995 1473 1239 1555 παραγγέλλειν
1262 1464 1401 1557 ήσοφία
1417 1477 1589 1554 φαίνεται·
1609 1481 1680 1544 5-ί,1

280 1567 381 1655 »μετὰ
414 1565 589 1655 ύπάνδρου
619 1565 776 1656 γυναικός
801 1565 845 1655 μή
873 1562 985 1636 κάθου
1015 1565 1057 1637 τό
1088 1565 1235 1639 σύνολον
1264 1573 1318 1636 καὶ
1349 1567 1393 1657 μή
1424 1593 1588 1658 συμμετα-

276 1675 399 1756 κλιθής
422 1664 474 1738 ἐπ’
496 1663 635 1757 ἀγκῶνα
650 1664 721 1756 μετ’
738 1663 867 1754 αύτής.«
902 1661 996 1737 τοῦτ’
1013 1667 1082 1736 ἐστι
1097 1666 1141 1756 μή
1157 1674 1348 1739 συνδείπνει
1363 1667 1588 1757 πυκνότερον,

275 1773 357 1855 μηδὲ
380 1771 473 1838 ἐσθιε
495 1763 565 1856 μετ’
590 1763 701 1855 αύτής.
746 1763 798 1837 διό
820 1774 876 1836 καὶ
898 1769 1061 1854 ἐπιφέρει·
1092 1772 1189 1854 »μηδὲ
1212 1767 1379 1854 συμβολάς
1402 1777 1492 1839 ποίει
1516 1766 1587 1858 μετ’

277 1863 381 1956 αύτής
408 1871 446 1937 ἐν
473 1871 572 1956 οἴνῳ,
601 1863 646 1955 μή
672 1894 758 1936 ποτε
786 1868 920 1951 ἐκκλίνη
942 1861 963 1951 ή
985 1872 1104 1954 καρδία
1126 1889 1188 1936 σου
1208 1861 1261 1937 ἐπ’
1291 1863 1414 1956 αὐτήν,
1448 1874 1504 1938 καὶ
1535 1875 1586 1958 τῷ

226 1983 258 2035 15
277 1971 392 2056 αἵματί
414 1991 475 2038 σου
498 1961 664 2054 όλισθὴση
686 1972 732 2047 είς
755 1963 962 2037 άποόλειαν·«
1009 1962 1158 2052 σφαλερὰ
1181 1965 1243 2054 γάρ
1266 1962 1285 2054 ή
1308 1965 1474 2056 πάροινος
1497 1971 1586 2038 ἐλευ·

278 2075 375 2156 θερία
397 2077 589 2153 παρανθεῑν
611 2071 791 2154 δυναμένη·
822 2058 995 2153 ύπανδραν
1028 2070 1063 2134 δὲ
1092 2061 1282 2152 οόνόμασεν,
1314 2070 1385 2138 ἐπεὶ
1414 2075 1542 2155 μείζων
1567 2063 1585 2138 ό

277 2173 434 2248 κίνδυνος
458 2171 508 2255 τῷ
532 2172 628 2235 λῦσαι
651 2165 715 2254 τήν
738 2169 828 2236 δέσιν
851 2171 911 2253 τῆς
933 2161 1148 2252 συμβιώσεως
1169 2171 1380 2254 πειρωμένῳ.
1425 2171 1453 2236 εί
1474 2171 1511 2237 δὲ
1532 2174 1585 2235 καὶ
1605 2178 1624 2229 2

279 2262 407 2354 άνάγκη
430 2294 483 2346 τις
504 2263 679 2352 περιτύχοι
701 2270 856 2353 παριέναι
878 2263 1071 2347 κελεύουσα,
1102 2267 1138 2334 αἳ
1162 2270 1223 2351 μὲν
1244 2263 1477 2352 κεκαλύφθων
1500 2265 1587 2355 άγαν

278 2360 452 2453 ἀμπεχόνη
476 2367 652 2449 ἔκτοσθεν,
676 2367 820 2437 ἔνδοθεν
842 2367 877 2433 δὲ
900 2369 998 2435 αἰδοῖ·
1030 2356 1105 2434 όσαι
1129 2369 1164 2434 δέ
1185 2363 1229 2454 μή
1251 2358 1432 2452 ύπανδροι,
1464 2363 1585 2455 ἐσχάτη

225 2477 260 2530 20
278 2462 417 2548 ταύταις
440 2468 580 2553 διαβολή
608 2471 653 2547 είς
680 2459 817 2551 ἀνδρῶν
842 2484 1000 2552 παρεῖναι
1026 2461 1213 2551 συμπόσιον
1235 2471 1289 2534 καὶ
1312 2470 1422 2536 ταῦτα
1444 2470 1584 2555 οἰνωμέ-

278 2591 359 2635 νων.
401 2565 434 2635 οἳ
455 2567 490 2633 δὲ
512 2567 566 2633 ἐπὶ
590 2562 654 2652 τήν
675 2571 808 2635 κλισίαν
830 2562 891 2646 τὰς
913 2557 1009 2650 όηέις
1030 2560 1198 2652 πήξαντες
1225 2559 1491 2654 άμετασάλευτοι
1514 2577 1621 2648 τοῑς3

278 2658 426 2751 ἀγκῶσιν
454 2667 679 2752 ἐρηρεισμέναι
700 2661 818 2752 μόνοις
840 2669 1020 2747 παρέστων
1051 2681 1123 2746 τοῖς
1156 2659 1252 2733 ω’σίν·
1284 2669 1312 2733 εί
1342 2669 1458 2734 δὲκαὶ
1488 2671 1585 2735 καθέ-

279 2775 403 2849 ζοιντο,
425 2762 470 2853 μὴ
494 2763 640 2848 ἐναλλὰξ
662 2763 713 2832 τώ
736 2758 821 2833 πόδε
847 2759 1103 2852 ἐχόντωνμηδέ
1118 2760 1184 2852 μήν
1206 2759 1357 2854 θάτερον
1373 2779 1448 2833 τοῖν
1463 2783 1586 2852 μηροῐν

278 2869 415 2952 θατέρῳ
439 2860 679 2952 ἐπιφερόντων
700 2857 722 2950 ἢ
744 2861 810 2951 τήν
831 2880 924 2950 χειρα
947 2868 996 2950 τῷ
1020 2869 1138 2950 γενείῳ
1161 2857 1427 2949 ύπερειδόντων·
1452 2859 1586 2952 ἀγεννὲς

226 2972 259 3028 25
277 2961 340 3052 γάρ
362 2963 407 3052 μή
431 2969 547 3053 φέρειν
577 2958 697 3046 αὐτόν,
726 2968 780 3031 καί
810 2965 914 3032 τοῦτο
937 2956 1154 3050 κατηγόρημα
1181 2968 1245 3032 τοῦ
1268 2967 1353 3033 νέου.
1397 2969 1530 3050 συνεχὲς
1552 2969 1585 3033 δὲ
1603 2981 1669 3043 55,1

277 3070 332 3132 καὶ
355 3059 396 3132 τό
418 3061 706 3151 μετακινούμενον
728 3057 950 3133 ἐναλλάττειν
974 3059 1013 3132 τό
1039 3068 1155 3150 σχῆμα,
1178 3057 1394 3150 κουφότητος
1409 3059 1586 3150 σύμβολον.

279 3162 460 3250 σώφρονος
482 3166 518 3231 δὲ
541 3157 670 3242 εάθέως
692 3165 730 3232 ε’ν
762 3158 860 3232 πόσει
881 3167 936 3230 καὶ
963 3165 1000 3231 ἐν
1026 3160 1147 3250 βρώσει
1173 3159 1214 3231 τό
1246 3163 1392 3232 ἔλαττον
1423 3165 1588 3250 αἱρεῖσθαι

278 3259 396 3332 καὶτὸ
420 3269 653 3350 σχολαίτερον,
682 3255 722 3333 ού
744 3261 785 3332 τὸ
808 3267 1091 3350 προπετέστερον,
1114 3257 1179 3332 κάν
1201 3267 1252 3348 τῷ
1275 3255 1504 3348 κατάρχεσθαι
1525 3259 1587 3334 κάν

279 3379 352 3444 τοῖς
383 3366 606 3446 διαλείμμασι,
642 3367 697 3430 καὶ
735 3359 775 3430 τό
811 3357 1083 3449 προκαταλήγειν
1118 3365 1153 3430 δέ
1188 3365 1244 3428 καὶ
1281 3355 1322 3429 τό
1359 3353 1587 3445 άπροσπαθές.

228 3470 262 3526 30
282 3455 417 3546 »φάγες
441 3466 554 3547 φησίν,
580 3456 646 3542 νοός
669 3459 857 3549 ἄνθρωπος
879 3459 922 3530 τά
937 3466 1171 3548 παρακείμενα,
1196 3463 1321 3528 παῦσαι
1335 3465 1477 3546 πρῶτος
1491 3455 1618 3550 χάρινὶ)

281 3563 442 3642 παιδείας,
473 3565 528 3628 καί
556 3565 583 3628 εί
605 3555 669 3630 ἀνὰ
690 3567 793 3649 μέσον
814 3555 987 3630 πλειόνων
1009 3554 1181 3641 ἐκάθισας,
1212 3555 1381 3646 πρότερος
1403 3555 1523 3630 αύτῶν
1543 3559 1586 3649 μή

366 3797 437 3854 1-3
456 3796 505 3850 εει.
523 3799 591 3860 ιιι
610 3825 642 3835 -
662 3796 775 3852 ιι-ιε
794 3795 843 3851 sir.
855 3797 910 3862 σε
927 3827 961 3835 -
979 3797 1019 3853 εε
1036 3795 1092 3866 vgl.
1110 3795 1248 3864 Aristoph.
1260 3796 1331 3852 αα.
1343 3797 1410 3866 9833
1429 3796 1502 3852 Plut.
1520 3797 1588 3852 Mor.

279 3881 349 3937 ιεο
367 3913 400 3920 -
418 3881 519 3938 οσ-ε.
540 3881 608 3942 εει,
629 3882 644 3935 1
665 3880 714 3935 Sir.
733 3883 766 3936 34
785 3883 845 3948 (31),
864 3883 966 3936 16—18

365 4100 381 4155 l
402 4094 524 4174 ἀμαθίᾳ]
544 4093 669 4173 ἁμαρτίᾳ
684 4099 788 4154 Hervet
803 4102 806 4167 Ι
823 4099 867 4154 at
882 4094 912 4152 ἐν
930 4104 969 4169 τῷ
987 4101 1106 4165 λαλῆσαι
1124 4096 1229 4167 μηδένα
1248 4099 1373 4166 λυπήσας
1385 4097 1416 4152 St
1431 4099 1436 4167 Ι
1452 4101 1471 4154 θ
1489 4098 1588 4170 παραί-

279 4203 334 4239 τιοι
353 4187 387 4253 Ιιτ
406 4184 436 4238 in
454 4185 526 4248 Ru]
546 4185 580 4238 P¹
595 4184 600 4250 Ι
617 4184 680 4239 11ί
696 4187 934 4253 συμμετακλιθῆις
952 4185 984 4250 (τί
1001 4181 1031 4234 in
1048 4181 1120 4249 Rae.)
1140 4182 1173 4234 P¹
1198 4183 1202 4249 Ι
1229 4183 1264 4238 15
1284 4179 1422 4251 δλισθήση
1441 4182 1519 4236 F¹M²
1536 4179 1588 4238 δλι·

280 4271 379 4337 σθὴσει
397 4270 502 4322 PF*M*
519 4270 522 4337 Ι
541 4269 578 4323 16
605 4272 793 4340 παρολισθεϊν
811 4265 950 4335 δυναμένη
968 4266 1047 4320 Sohw
1064 4266 1068 4334 Ι
1085 4265 1123 4320 18
1141 4260 1226 4336 άγαν]
1244 4261 1322 4322 ἅπαν
1340 4266 1478 4335 Βγποίετ,
1497 4266 1588 4322 Joum.

280 4354 311 4407 of
326 4353 425 4408 Philol.
443 4357 460 4408 4
479 4359 485 4416 Ι
491 4353 566 4420 1872)
584 4371 609 4423 p.
629 4355 678 4409 205
696 4352 752 4422 vgl.
771 4349 975 4421 συγκαλύπτειν
997 4347 1090 4405 πάντα
1108 4350 1189 4405 Plato
1208 4352 1273 4421 Rep.
1292 4351 1317 4404 V
1334 4369 1360 4422 p.
1377 4351 1471 4408 4521)
1489 4345 1589 4408 ἅπαντ’

280 4437 378 4505 Sehwl
404 4437 467 4494 191
491 4433 594 4507 ἐσχάτη
621 4467 653 4476 -
680 4431 796 4509 διαβολή
814 4435 944 4490 PoorrFM
963 4431 1078 4504 ἐσχάτηι
1096 4463 1128 4472 -
1146 4436 1273 4507 διαβολῆι
1290 4437 1327 4490 P*
1343 4437 1347 4503 Ι
1364 4437 1404 4491 20
1422 4435 1538 4501 ταύταις
1555 4436 1588 4503 Sy

280 4519 378 4589 ταύτηι
395 4522 416 4575 Ρ
440 4525 445 4589 Ι
469 4520 610 4592 παρεῖναι]
629 4519 761 4594 παριέναι
779 4520 866 4576 Cobet
883 4521 933 4573 468
948 4520 953 4588 Ι
969 4519 1033 4574 2οί
1058 4511 1216 4589 (μνωμένων
1234 4519 1269 4573 Di
1293 4519 1297 4587 Ι
1322 4519 1362 4576 22
1381 4518 1411 4576 δὲ
1428 4519 1477 4574 Wi
1494 4521 1525 4589 δὴ
1544 4518 1565 4572 Ρ
1583 4519 1586 4583 Ι

282 4606 318 4661 ⁸22
340 4602 883 4677 πόσει-βρὼσειΙβρὼσει-πόσειἘ
900 4607 903 4673 Ι
920 4606 959 4660 28
978 4600 1012 4657 οὐ
1028 4601 1061 4657 τὸ
1080 4603 1230 4657 inRas.P¹
1246 4605 1250 4672 Ι
1266 4604 1303 4660 81
1322 4607 1372 4660 καὶ
1392 4601 1418 4660 εί
1435 4604 1484 4659 Sir.
1502 4598 1589 4660 κᾶνΡ
