3586 5466
599 422 783 494 Protrepticus
800 421 865 493 Cap.
883 423 904 475 Ι.
921 423 946 488 2,
958 423 1034 486 2-5,
1047 425 1070 476 1.
1471 431 1489 488 5

176 596 298 675 θερίαν
320 594 393 660 τῶν
413 583 469 658 ὑπ’
494 583 640 675 ούρανόν
662 594 963 678 πεπολιτευμένων
992 585 1097 677 ώδαῖς
1120 591 1175 655 καὶ
1198 591 1345 674 ἐπῳδαῖς
1367 581 1488 674 ἐσχάτῃ

177 694 314 779 δουλείᾳ
340 685 613 774 καταζεύξαντες.

259 783 345 859 Ἀλλ’
376 784 417 858 ού
447 782 581 858 τοιόσδε
610 782 741 876 όῴδός
768 783 787 858 ό
818 785 896 876 ἐμός
927 781 997 858 ούδ
1022 791 1027 874 Ι
1051 788 1096 868 εἰς
1127 785 1258 874 μακρόν
1287 783 1521 856 καταλύσων2
1544 797 1594 850 23

177 885 317 974 ἀφῖκται
347 887 411 976 τὴν
447 893 605 959 δουλείαν
642 887 706 977 τὴν
734 886 860 976 πικράν
893 893 966 958 τῶν
1002 884 1269 974 τυραννούντων
1305 880 1486 974 δαιμόνων.

140 985 225 1071 5ώς
252 993 287 1058 δὲ
315 986 377 1090 τόν
403 993 515 1075 πρᾶον
543 993 599 1056 καί
626 984 879 1075 φιλάνθρωπον
907 991 967 1074 της
997 993 1188 1070 θεοσεβείας
1219 981 1374 1074 μετάγων
1404 982 1489 1074 ἡμᾶς

178 1085 280 1176 ζυγόν
316 1091 415 1170 αὐθις
450 1093 497 1168 εἰς
532 1083 699 1173 ούρανούς
736 1083 952 1157 ἀνακαλεῖται
983 1084 1064 1168 τούς
1095 1090 1139 1166 εἰς
1170 1090 1233 1173 γὴν
1264 1087 1489 1173 ἐρριμμένους.

177 1185 283 1274 μόνος
318 1193 402 1275 γοῦν
437 1193 512 1256 τών
529 1185 692 1259 ’πώποτε
728 1185 772 1256 τά
806 1181 1052 1274 ἀργαλεώτατα
1087 1191 1200 1272 θηρία,
1237 1183 1318 1265 τούς
1354 1180 1489 1272 ἀνθρώ·
1507 1195 1560 1260 4,1

177 1314 278 1369 πους,
308 1282 522 1370 ἐτιθάσευεν,
553 1285 665 1374 πτηνά
686 1293 748 1374 μὲν
771 1285 850 1368 τούς
872 1282 1023 1372 κούφους
1045 1281 1177 1368 αὐτῶν,
1204 1284 1328 1370 ἑρπετά
1351 1290 1387 1354 δὲ
1409 1285 1490 1367 τοὺς

179 1381 393 1468 ἀπατεῶνας,
416 1394 472 1456 καὶ
495 1389 635 1466 λέοντας
657 1391 718 1473 μὲν
741 1384 821 1468 τούς
842 1384 1016 1473 θυμικούς,
1039 1382 1120 1466 σύας
1142 1390 1177 1454 δὲ
1197 1383 1279 1464 τοὺς
1301 1381 1489 1474 ἡδονικούς,

123 1505 159 1558 10
177 1483 301 1567 λύκους
322 1489 358 1554 δὲ
379 1483 460 1568 τούς
475 1480 712 1574 άρπακτικούς.
750 1492 844 1556 λίθοι
867 1491 902 1554 δὲ
923 1491 978 1555 καί
1001 1483 1084 1570 ξύλα
1106 1487 1139 1554 οἰ
1162 1482 1322 1572 ἄφρονες·
1344 1483 1432 1571 πρός
1454 1489 1490 1554 δὲ

178 1592 236 1654 καὶ
258 1592 370 1655 λίθων
392 1579 682 1673 ἀναισθητότερος
705 1583 894 1672 ἄνθρωπος
915 1581 1036 1676 ἀγνοίᾳ
1057 1589 1326 1669 βεβαπτισμένος.
1362 1579 1489 1672 μάρτυς
1507 1600 1523 1652 2

177 1680 259 1773 ἡμῖν
273 1683 470 1773 προφητικὴ
484 1691 620 1772 παρίτω
638 1680 749 1772 φωνή,
772 1681 924 1772 συνῳδός
944 1681 1114 1771 ἀληθείας,
1139 1683 1220 1764 τοὺς
1235 1685 1272 1752 ἐν
1294 1678 1413 1775 ἀγνοίᾳ
1434 1691 1490 1752 καὶ

177 1781 277 1875 ἀνοίᾳ
309 1788 638 1872 κατατετριμμένους
668 1789 891 1870 οἰκτείρουσα·
932 1781 1094 1865 »δυνατός
1121 1780 1183 1870 γάρ
1212 1777 1336 1864 όθεός
1358 1786 1394 1851 ἐκ
1417 1791 1490 1854 τών

178 1891 290 1954 λίθων
312 1881 451 1953 τούτων
472 1887 596 1971 ἐγεῖραι
617 1888 721 1952 τέκνα
743 1889 794 1972 τῷ
813 1879 987 1971 Ἁβραάμι.
1031 1876 1067 1964 ὃς
1094 1877 1300 1970 κατελεήσας
1323 1879 1388 1970 τὴν
1411 1877 1489 1969 ἀμα-

122 2005 159 2056 15
177 1990 261 2054 θίαν
276 1981 342 2072 τὴν
355 1981 491 2069 πολλὴν
506 1988 561 2052 καί
584 1980 649 2069 τὴν
672 1987 943 2070 σκληροκαρδίαν
965 1987 1038 2052 τών
1061 1986 1107 2062 εἰς
1128 1979 1194 2068 τὴν
1216 1975 1382 2069 ἀλήθειαν
1404 1991 1489 2051 λελι-

178 2089 350 2171 θωμένων
379 2077 512 2170 ἤγειρεν
541 2088 733 2166 θεοσεβείας
764 2087 893 2170 σπέρμα
924 2075 1045 2169 ἀρετῆς
1075 2077 1280 2166 αἰσθόμενον
1310 2083 1346 2150 ἐκ
1376 2087 1489 2149 λίθων

178 2187 329 2266 ἐκείνων,
353 2187 425 2251 τῶν
440 2188 552 2261 λίθοις
567 2175 847 2250 πεπιστευκότων
861 2185 986 2250 ἐθνών.
1017 2172 1116 2260 αὖθις
1132 2172 1193 2251 οὖν
1215 2175 1369 2264 ἰοβόλους
1391 2177 1487 2260 τινὰς
1506 2196 1521 2248 3

178 2291 233 2354 καὶ
272 2279 503 2371 παλιμβόλους
539 2276 725 2365 ύποκριτάς
768 2277 995 2366 ἐφοδεύοντος
1043 2276 1238 2365 δικαιοσύνῃ
1282 2275 1488 2367 »γεννήματα

179 2386 338 2469 ἐχιδνώνι
371 2385 514 2469 κέκληκέ
542 2403 622 2450 που·
661 2375 746 2450 ἀλλά
777 2386 832 2448 καί
859 2377 997 2450 τούτων
1024 2383 1054 2448 εἰ
1079 2408 1130 2460 τις
1157 2387 1232 2450 τών
1254 2371 1369 2464 όφεων
1391 2407 1487 2466 μετα-

122 2497 161 2552 20
181 2479 298 2569 νσὴσαι
330 2481 432 2561 ἑκών,
465 2475 628 2568 ἑπόμενος
660 2478 700 2567 δὴ
731 2485 783 2567 τῷ
817 2474 908 2566 λόγῳ
943 2475 1166 2564 »ἀνθρωποςι
1197 2487 1325 2566 γίνεται
1357 2484 1488 2548 νθεοῦι.

181 2579 339 2662 νλύκουςι
365 2585 400 2650 δὲ
423 2579 548 2661 ἄλλους
571 2575 753 2667 ἀλληγορεῖ
772 2574 958 2665 προβάτων
979 2583 1118 2666 κῳδίοις
1133 2574 1385 2697 ἡμφιεσμένᾳυς,
1408 2575 1488 2657 τούς

178 2683 215 2751 ἐν
245 2677 447 2768 ἀνθρώπων
474 2697 620 2801 μορφαῖς
651 2673 881 2766 άρπακτικούς
912 2673 1154 2764 αἰνιττόμενος
1196 2685 1251 2749 καὶ
1277 2672 1393 2746 πάντα
1423 2675 1488 2761 ἀρα

178 2785 287 2851 ταῦτα
309 2777 428 2868 <τά>’
408 2779 604 2867 αγριώτατα
630 2787 736 2866 θηρία
764 2781 820 2846 καί
842 2775 925 2858 τοὺς
946 2774 1125 2860 τοιούτους
1148 2772 1310 2896 λίθους“
1290 2803 1311 2864 η
1331 2770 1488 2863 ούράνιος

179 2877 250 2968 ῳδὴ
273 2875 359 2967 αύτὴ
374 2875 643 3000 μετεμόρφωσεν
665 2882 711 2960 εἰς
733 2871 941 2964 ἀνθρώπους
969 2872 1118 2966 ἡμέρους.
1165 2877 1266 2965 »ἡμεν
1294 2873 1370 2966 γάρ
1405 2866 1522 2964 ἡμίν4

124 2994 161 3046 25
178 3007 265 3050 ποτε
287 2985 340 3049 καί
364 2974 458 3066 ἡμεῖς
480 2973 638 3066 ἀνόητοι,
662 2971 829 3058 ἀπειθεῖς,
852 2975 1084 3095 πλανώμεμοι,
1107 2975 1328 3056 δουλεύοντες
1350 2971 1488 3064 ἡδοναῖς

178 3086 233 3148 καὶ
260 3081 455 3166 ἐπιθυμίαις
481 3084 665 3160 ποικίλαις,
693 3078 730 3145 ἐν
751 3083 851 3194 κακίᾳ
872 3080 927 3143 καί
951 3070 1076 3163 φθόνῳ
1099 3070 1287 3162 διάγοντες,
1316 3081 1486 3162 στυγητοί,

179 3173 572 3265 μισοῦντεςάλλὴλουςι,
594 3168 743 3264 ἡφησιν
766 3169 786 3260 ἡ
809 3169 1018 3273 ἀποστολικὴ
1042 3173 1169 3292 γρᾳφὴ·
1189 3167 1350 3294 Ινότεδέ
1372 3169 1488 3261 ἡγρη-
1465 3186 1557 3259 Ι5Ρ

126 3301 127 3304 ’
179 3275 302 3365 στότης
333 3272 436 3346 καὶκ
417 3305 436 3365 η
467 3280 712 3362 φιλανθρωπία
738 3269 892 3363 ἐπεφάνη
917 3280 979 3345 τοῦ
1001 3278 1156 3362 σωτῆρος
1177 3269 1291 3394 ἡμῶν
1298 3276 1396 3354 θεοῦ,
1428 3267 1488 3342 ούκ

179 3377 481 3464 ἐξεργωντώνέν
478 3373 700 3494 δικαιοσύνη,
720 3369 1081 3494 όίἐποιὴσαμενὴμεῖς,
1104 3369 1190 3445 ἀλλὰ
1209 3370 1297 3443 κατὰ
1319 3369 1360 3440 τό
1384 3366 1489 3440 αὐτοῦ

125 3489 161 3541 30
178 3476 272 3558 ἔλεος
286 3470 448 3544 ἔσωσενι
428 3503 519 3562 ηυας
525 3504 538 3538 ι
578 3467 641 3561 όρα
656 3471 697 3542 τό
714 3495 800 3564 ᾳσμα
815 3472 857 3543 τό
872 3471 993 3545 καινόν
1008 3466 1091 3545 ὅσον
1105 3477 1249 3559 ἴσχυσεν·
1281 3468 1489 3556 ἀνθρώπους

178 3577 214 3644 ἐκ
231 3582 344 3646 λίθων
358 3579 413 3644 καί
428 3570 638 3661 ἀνθρώπους
652 3577 689 3642 ἐκ
703 3579 839 3658 θηρίων
852 3579 1047 3660 πεποίηκεν.
1076 3575 1109 3642 οί
1123 3577 1159 3641 δε
1174 3567 1352 3660 τηνάλλως
1367 3572 1488 3657 νεκροί,

179 3676 210 3745 οί
238 3679 298 3762 τῆς
327 3666 439 3756 όντως
467 3665 568 3762 ούσης
593 3669 752 3761 άμίτοχοι
778 3677 881 3760 ζωῆς,
908 3669 1075 3760 άκροαται
1100 3667 1209 3760 μόνον
1231 3667 1404 3759 γενόμενοι
1428 3673 1490 3738 τοῦ

178 3768 327 3866 ᾄσματος
348 3769 544 3892 άνεβίωσαν.
578 3767 682 3842 τοῦτό
702 3799 756 3841 τοι
771 3769 877 3841 καί
842 3799 883 3842 το
897 3778 968 3843 πᾶν
984 3769 1166 3862 ἐκόσμησεν
1181 3775 1331 3859 ἐμμελῶς
1345 3773 1400 3838 καὶ
1416 3774 1489 3837 τών
1506 3790 1558 3854 5,1

177 3878 358 3972 στοιχείων
380 3870 445 3961 τὴν
467 3877 659 3958 διαφωνίαν
682 3877 728 3954 εἰς
744 3867 842 3957 τάξιν
856 3874 999 3942 ἐνέτεινε
1014 3879 1220 3960 συμφωνίας,
1243 3871 1298 3939 ίνα
1317 3868 1357 3957 δὴ
1373 3861 1489 3950 όλοςό

264 4043 280 4098 l
310 4041 366 4112 vgl.
393 4041 465 4097 Phil.
484 4043 508 4109 3,
527 4043 620 4098 20-
647 4043 765 4112 5rvgl
784 4044 1050 4108 Matth.11,30-
1074 4042 1203 4112 711ng
1226 4043 1323 4096 swrom
1343 4040 1488 4095 1212-

180 4127 241 4182 121
262 4127 363 4181 Μυίίίι.
381 4129 406 4194 3,
424 4129 453 4189 9;
475 4127 544 4180 Ιοιίτ.
562 4128 616 4192 3,8
633 4157 667 4166 -
687 4129 747 4183 181
762 4128 862 4180 Matth.
875 4128 898 4192 3,
917 4129 945 4190 7;
963 4127 1030 4181 Luk.
1045 4129 1097 4194 3,7
1117 4157 1149 4166 -
1172 4128 1208 4182 20
1225 4126 1281 4195 vgl.
1300 4125 1428 4184 111156,
1444 4129 1488 4188 11;

177 4213 202 4267 11
214 4211 284 4264 Tim.
296 4213 321 4274 3,
335 4211 464 4267 17-21
479 4211 535 4279 vgl.
551 4210 650 4264 Matth.
665 4215 688 4275 7,
708 4212 915 4268 15-24-80
932 4211 984 4267 'fit
1003 4212 1027 4277 3,
1046 4213 1113 4267 3-5
1131 4241 1164 4251 ·-
1184 4211 1258 4267 m
1273 4211 1329 4279 ng
1348 4209 1428 4264 Philo
1447 4210 1488 4265 De

177 4295 265 4366 plant.
284 4299 299 4350 1
318 4297 326 4364 Ι
329 4296 341 4349 Ι
353 4297 411 4351 329.
424 4295 474 4350 330
486 4293 527 4364 Μ)

266 4423 347 4486 1ἐιι’
365 4429 490 4502 οὐρανοῦ
507 4430 555 4484 Ma
578 4431 582 4498 Ι
606 4430 623 4484 θ
646 4426 715 4498 ἐμός
738 4426 799 4500 Ιδς)
822 4430 911 4499 Ηεγεο
935 4433 939 4499 Ι
965 4431 1003 4487 18
1026 4427 1229 4501 ἐφεδρεύοντας
1251 4431 1372 4498 Bernays
1394 4427 1488 4500 ἐμφω-

177 4514 314 4580 λεύοντας
327 4516 409 4598 ⁸Schw
425 4521 429 4582 Ι
450 4515 487 4570 21
507 4515 631 4578 κωιδίοις
648 4514 670 4567 Ρ
688 4531 738 4569 vor
755 4515 771 4567 δ
787 4514 832 4568 ein
851 4515 962 4568 Buohst.
981 4515 1088 4570 ausrad.
1105 4514 1164 4583 123
1182 4513 1217 4571 τὰ
1231 4521 1262 4578 -Ι-
1277 4515 1318 4568 112
1338 4517 1341 4582 Ι
1362 4515 1400 4570 24
1419 4509 1487 4584 αὕτη

177 4599 246 4667 Ma}
264 4599 300 4654 27
323 4598 349 4669 ἡ]
367 4597 385 4668 ἡ
403 4599 425 4653 Ρ
441 4601 445 4667 Ι
461 4600 498 4653 21
520 4592 586 4666 (ὡς)
605 4598 703 4670 νεκροί
720 4597 755 4650 Vi
771 4600 775 4666 Ι
792 4599 827 4653 83
844 4595 1004 4671 ἀνεβίωσαν
1023 4603 1055 4668 (w
1072 4599 1101 4654 in
1119 4600 1192 4669 Rus.)
1210 4600 1244 4654 Ρ1
