3510 5474
431 461 613 531 paedagogus
631 461 665 513 11.
684 459 748 530 Cap.
768 457 814 511 VI
833 457 1085 528 50.4-cap.vl1.
1103 461 1467 531 554189

157 625 207 710 τός
238 627 305 714 ἄρα
336 617 414 697 οὔτε
445 629 587 706 ἐντοῖς
619 617 782 711 ὀνόμασιν
811 616 887 692 οὐδὲ
917 620 985 710 μὴν
1013 625 1050 692 ἐν
1080 639 1151 704 τοῖς
1182 643 1469 708 συνουσιαστικοίς

157 735 300 854 μορίοις
313 731 367 794 καὶ
391 731 433 812 τῇ
455 723 543 795 κατὰ
564 719 672 812 γόμον
699 728 888 810 συμπλοκῇ,
919 717 998 790 καθ’
1031 723 1083 791 ιδν
1112 741 1219 793 κεῖται
1246 723 1289 794 τὰ
1316 718 1469 812 ὀνόματα

159 829 204 898 τὰ
227 855 304 911 περι
326 825 391 914 τὴν
414 819 600 912 συνήθειαν
619 851 663 942 ου
654 817 943 910 ’τετριμμέναῇ
923 850 943 910 5
966 827 1029 893 τοῦ
1051 814 1163 904 όντως
1185 828 1322 910 αἰσχροῦ
1343 848 1467 912 προση-

158 935 260 1018 γορία
281 923 455 997 τάττεται·
492 920 626 994 055*
591 951 654 1010 γαρ
676 918 761 1010 γόνυ
781 929 836 992 καὶ
858 917 967 1009 κνήμη
991 921 1034 992 τὰ
1054 927 1137 1010 μέλη
1168 928 1275 993 ταῦτα
1302 918 1379 994 ούδέ
1400 921 1468 1011 μὴν

123 1027 204 1100 5τά
227 1021 279 1098 ἐπ
304 1021 419 1106 αύτοῑς
440 1019 593 1112 όνόματα
614 1018 711 1093 καὶ
692 1050 712 1110 ῃ
735 1016 777 1090 δι’
800 1016 917 1091 αὐτῶν
940 1025 1087 1110 ἐνέργεια
1110 1019 1227 1110 αἰσχρά
1254 1026 1346 1093 ἐστιν
1372 1027 1467 1110 (μέλῃ

158 1133 194 1197 δὲ
217 1126 337 1196 καὶτὰ
360 1129 469 1194 αίδοῑα
492 1127 556 1194 τοῦ
578 1119 782 1244 όνθροόπου,
804 1126 927 1204 αἰδοῦς,
951 1117 1012 1192 ούκ
1034 1120 1188 1210 αἰσχύνης
1209 1126 1468 1210 κατηξιωμένα)·

159 1223 301 1316 αἰσχρόν
330 1220 406 1294 δε
387 1253 407 1312 5
431 1218 629 1310 παράνομος
653 1217 768 1292 αὐτῶν
795 1225 958 1308 ἐνέργεια,
989 1226 1126 1311 αἴσχους
1152 1230 1207 1293 καὶ
1234 1217 1384 1303 ὀνείδους
1414 1220 1468 1292 διόι

159 1333 266 1447 τοῦτο
288 1333 343 1396 καί
365 1319 538 1403 κολάσεως
559 1317 648 1407 ἀξία·
678 1317 786 1408 μόνον
818 1318 881 1441 γὰρ
911 1325 961 1409 τῷ
990 1313 1065 1393 όντι
1092 1317 1270 1412 αίσχρόνι
1251 1350 1271 1411 5
1293 1329 1393 1392 κακία
1413 1329 1470 1392 καὶ

158 1426 203 1497 τὰ
239 1424 328 1496 κατὰ
363 1420 496 1510 ταύτην
530 1417 761 1509 ἐνεργούμενα.
813 1418 950 1503 τούτοις
980 1426 1015 1492 δὲ
1047 1418 1225 1510 ἀναλόγως
1254 1424 1503 1510 αίσχρολογία3

107 1540 140 1594 10
158 1521 350 1607 είκότως“
331 1553 373 1594 αν
393 1533 534 1594 καλοῖτο
557 1517 578 1610 5
600 1527 771 1610 περὶτῶν
793 1526 854 1610 τῆς
880 1525 1045 1603 κακίας”
1030 1549 1140 1611 εργων
1170 1529 1363 1610 λογοποιία·
1395 1521 1470 1592 οίον

159 1623 202 1696 τό
224 1631 303 1712 περὶ
323 1630 471 1712 μοιχείας
493 1617 748 1709 διαλέγεσθαι“
726 1649 746 1709 5
768 1625 1008 1709 παιδεραστίας
1022 1620 1130 1692 καί“
1093 1651 1135 1693 τα
1150 1619 1376 1711 παραπλήσια.
1413 1627 1465 1690 ναλ

157 1724 227 1815 μὴν
248 1731 303 1795 καὶ
326 1723 390 1813 τὴν
413 1719 591 1809 φλύαρονΙ
613 1715 811 1809 ἀδολεσχίαν
832 1727 1107 1809 κατασιγαστέον.
1153 1725 1207 1791 »ἐκ
1187 1719 1299 1811 κγόρ
1326 1748 1381 1793 τοι
1407 1748 1467 1791 πο·
1485 1731 1603 1789 20οΡ4

159 1831 319 1913 λυλογίας
354 1819 415 1893 ούκ
451 1820 628 1909 ἐκφεύξῃ(
666 1829 782 1910 φ,ησίν
822 1817 1036 1911 νόμαρτίανκ
1077 1821 1224 1910 δίκην
1203 1849 1268 1910 αρα
1298 1817 1411 1908 ύφέξει
1447 1813 1468 1907 5

158 1929 385 2012 γλωσσαργία
410 1923 499 1992 »ἔστι
521 1921 584 2010 γὰρ
607 1929 750 1992 σιωπῶν
771 1917 1005 2010 εὑρισκόμενος
1024 1917 1139 2008 σοφός
1159 1928 1215 1991 καὶ
1236 1922 1307 1992 ἔστι
1329 1917 1469 2009 μισητὸς

108 2039 140 2092 15
162 2019 233 2094 ύπό
254 2027 385 2110 πολλῆς
407 2027 550 2105 λαλιᾶς.«
596 2017 660 2110 555
682 2029 737 2090 καὶ
759 2018 862 2102 αύτός
892 2017 987 2110 αύτῷ
1015 2014 1034 2090 5
1061 2016 1241 2108 ἀδολέσχης
1267 2017 1469 2109 προσκορής·

162 2117 386 2208 »πλεονάζων
408 2119 471 2210 γὰρ
494 2117 598 2210 λόγον
619 2119 837 2206 βδελύττεται
859 2119 924 2210 τὴν
945 2119 1057 2210 ψυχὴν
1079 2116 1210 2193 αύτοῦπ
1233 2131 1238 2206 Ι

247 2391 316 2457 VII.
343 2394 422 2457 Τίνα
442 2386 505 2476 χρὴ
527 2383 854 2475 παραφυλάττεσθαι
876 2386 956 2470 τούς
979 2383 1122 2470 ἀστείως
1143 2393 1373 2477 συμβιοῦντας.
1488 2403 1550 2458 748

246 2551 398 2625 Ἀπέστω
421 2558 464 2638 δέ,
488 2551 626 2626 ἀπέστω
649 2551 746 2645 ἡμῶν
767 2563 823 2625 καὶ
837 2551 878 2626 τὸ
894 2554 1066 2626 σκώπτειν
1080 2547 1207 2642 ύβρεως
1221 2552 1470 2645 προκατόρχον,
1487 2564 1554 2628 53,1

162 2660 198 2742 ἐξ
222 2647 274 2726 ὦν
296 2658 398 2743 ἔριδες
421 2661 475 2724 καί
502 2653 604 2744 μάχαι
629 2661 684 2726 καί
711 2655 830 2744 ἔχθραι
861 2659 1109 2726 διοιδαίνουσιν.
1151 2649 1249 2744 ύβριν
1279 2662 1314 2728 δὲ
1345 2659 1470 2744 ἔφαμεν

110 2773 145 2827 20
161 2761 269 2844 μέθης
290 2755 376 2825 εἶναι
399 2753 568 2827 διάκονον.
611 2752 672 2827 ούκ
703 2758 739 2825 ἐκ
768 2753 887 2844 μόνων
918 2761 953 2826 δέ
984 2761 1058 2826 τῶν
1087 2756 1207 2844 ἔργων,
1239 2753 1326 2828 ἀλλὰ
1352 2761 1407 2825 καί
1434 2757 1470 2826 ἐκ

162 2850 280 2942 λόγων
301 2851 488 2982 ἄνθρωπος
509 2862 668 2974 κρίνεται.
707 2859 762 2925 »ἐν
783 2863 958 2945 συμποσίῳ
981 2861 1046 2938 δέι,
1068 2862 1157 2944 φησί
1182 2883 1243 2944 »μη
1230 2854 1442 2977 ’ἐλέγξῃς
1407 2884 1471 2926 τον

162 2961 308 3042 πλησίον
329 2961 384 3024 καὶ
406 2949 511 3042 λόγον
532 2949 725 3043 όνειδισμοῦ
747 2953 793 3043 μὴ
809 2957 903 3041 είπῃς
918 2949 1038 3042 αύτῷ.ι
1079 2953 1156 3025 εί“
1121 2981 1182 3042 γαρ
1197 2963 1253 3025 καὶ
1268 2954 1310 3025 τὰ
1324 2951 1469 3041 μάλιστα
1486 2968 1502 3022 2

162 3059 431 3174 παραγγέλλεται
462 3049 569 3142 δγίοις
600 3072 757 3139 συνεῖναι,
793 3052 965 3124 σκώπτειν
995 3051 1059 3124 τὸν
1090 3044 1188 3142 όγιον
1219 3050 1377 3143 δμαρτία·
1415 3056 1469 3123 »ἐκ

164 3151 333 3242 στόματος
355 3152 417 3243 γὰρ
441 3149 635 3242 όφρόνωνι,
659 3161 762 3242 φησὶν
784 3151 804 3243 5
827 3149 952 3242 γραφή,
977 3162 1156 3242 »βακτηρία
1177 3145 1335 3241 ύβρεωςι,
1359 3149 1470 3238 ἐπιβύ-

113 3269 145 3324 25
164 3263 255 3339 θραν
276 3245 404 3341 ύβρεως
425 3261 610 3343 βακτηρίαν
633 3246 838 3342 έλγουσα,
819 3284 839 3342 ῃ
868 3257 1072 3340 ἐπερείδεται
1097 3260 1153 3323 καὶ
1175 3249 1470 3325 ἐπαναπαύεται<
1449 3283 1469 3344 5

163 3348 264 3441 όβρις.
307 3346 392 3424 όθεν
418 3351 541 3443 ἄγαμαι
562 3353 627 3425 τόν
649 3349 845 3426 όπόστολον
867 3349 1045 3424 κάνταῦθα
1067 3359 1300 3440 παραινοῦντα
1322 3359 1404 3444 μηδὲ
1427 3353 1469 3424 τὰ
1487 3371 1505 3426 3

165 3447 355 3540 εύτρόπελα
375 3459 457 3543 μηδὲ
480 3451 522 3524 τό
544 3453 588 3542 μὴ
611 3449 785 3543 ἀνήκοντα
806 3459 986 3540 προίεσθαι
1010 3449 1093 3542 ἡμᾶς
1116 3449 1258 3543 ῥήματα.
1294 3465 1322 3524 εί
1343 3453 1405 3544 γὰρ
1429 3450 1470 3524 δι’

165 3548 300 3641 ἇγόπῃν
331 3557 364 3624 αί
393 3557 448 3624 ἐπὶ
475 3552 537 3636 τὰς
563 3550 725 3636 ἑστιάσεις
752 3552 968 3637 συνελεύσεις,
1000 3562 1187 3642 συμποσίου
1208 3560 1243 3625 δὲ
1266 3551 1307 3624 τὸ
1330 3559 1428 3636 τέλος
1451 3549 1470 3644 5

164 3650 250 3740 πρὸς
273 3652 353 3735 τοὺς
374 3649 539 3735 συνόντας
563 3652 808 3742 φιλοφροσύνη,
832 3648 1050 3743 παρεπόμενα
1072 3660 1107 3725 δὲ
1122 3663 1164 3744 τῃ
1184 3650 1296 3743 όγόπῃ
1312 3651 1331 3745 5
1348 3661 1472 3744 βρῶσις

115 3779 148 3832 30
164 3759 220 3822 καὶ
242 3747 262 3841 5
285 3747 397 3836 πόσις,
420 3761 496 3835 πῶς
519 3749 559 3823 ού
581 3761 726 3843 λογικῶς
748 3749 1015 3841 δυαστρεπτέον;
1038 3751 1115 3826 ούδὲ
1140 3756 1226 3845 (διὰ)
1249 3755 1315 3846 τὴν
1337 3752 1471 3845 όγόπην

166 3847 372 3940 δπορητέον·
387 3855 416 3924 εί
431 3852 492 3941 γὰρ
509 3849 556 3936 αίς
572 3858 800 3937 ἐπιτείνοντες
816 3853 881 3944 τὴν
896 3853 982 3944 πρός
993 3851 1160 3945 ἀλλήλους
1176 3848 1310 3927 εύνοιαν
1326 3854 1468 3944 σύνιμεν,
1486 3865 1504 3916 4

164 3957 240 4034 πῶς
262 3954 383 4040 ἔχθρας
410 3952 463 4024 διό
491 3959 554 4024 τοῦ
583 3954 756 4026 σκιύπτειν
786 3955 1005 4045 σκαλεύομεν;
1036 3961 1170 4026 σιωπᾶν
1201 3960 1236 4024 δὲ
1267 3973 1423 4043 κρεῖττον
1450 3951 1471 4042 5⁸

249 4147 377 4216 Βμδνον
395 4155 434 4222 τῷ
452 4181 485 4190 -
503 4153 522 4208 9
540 4148 733 4222 ἐνεργούμενα
754 4151 826 4207 Sacr.
844 4152 907 4208 Par.
926 4153 976 4206 199
994 4151 1058 4206 Holl
1082 4181 1114 4190 ·-
1143 4151 1207 4206 121
1230 4151 1310 4205 Prov.
1329 4153 1369 4212 10,
1389 4153 1420 4205 19
1438 4181 1470 4189 -

167 4231 232 4288 ΙΗ
246 4232 296 4288 Sir.
314 4235 355 4298 20,
373 4237 389 4290 5
402 4263 432 4274 -
449 4236 485 4292 10
503 4237 553 4291 Sir.
571 4240 611 4300 20,
630 4240 647 4294 8
664 4267 697 4276 -
715 4237 777 4292 2⁰1
792 4237 849 4306 vgl.
862 4237 961 4292 Matth.
977 4238 1015 4302 12,
1034 4238 1066 4291 3?
1079 4267 1112 4276 -
1126 4235 1190 4291 211
1204 4236 1254 4292 Sir.
1267 4238 1300 4289 34
1313 4235 1374 4301 (31),
1392 4237 1424 4290 31
1437 4263 1471 4274 ·-

165 4317 229 4373 281
243 4318 323 4374 Prov.
342 4321 382 4386 14,
399 4323 418 4375 3·
433 4351 466 4360 -
485 4322 551 4378 2οῐ
565 4322 621 4393 vgl.
640 4321 738 4394 Ephes.
756 4325 814 4390 54

251 4494 267 4549 1
294 4487 366 4564 οὐδὲ]
385 4488 451 4552 οὔτε
468 4497 503 4551 Di
518 4499 522 4565 1
545 4499 583 4554 14
602 4473 784 4573 γλωσσαόγία
804 4499 826 4554 Ρ
844 4502 869 4563 (λ
887 4498 1045 4570 ubergesch.
1063 4496 1128 4564 1³51
1146 4498 1183 4553 15
1202 4494 1252 4565 555
1270 4495 1390 4550 Ηὸεαίιελ
1407 4495 1423 4564 5
1442 4493 1471 4551 δέ

166 4577 343 4732 ξζβῦλὲπεέῦἐ
361 4581 396 4632 P³
408 4598 457 4704 ¹am
482 4583 581 4652 Randl
606 4584 641 4641 1⁷
663 4590 850 4658 συμβιοῦντας
868 4587 912 4655 (οῦ
928 4584 957 4639 in
975 4583 1047 4652 Rae.)
1065 4583 1099 4636 P¹
1123 4585 1127 4650 Ι
1152 4583 1191 4638 00
1213 4579 1285 4651 <565
1303 4581 1388 4635 P²FM
1407 4582 1471 4650 (von
