3520 5480
328 405 388 468 258
914 395 1048 452 Clemens.

327 571 455 655 καὶτῷ
477 561 639 653 κρούοντι
661 557 902 651 ἀνοιγήσεταιπ
949 565 977 633 εί
997 565 1102 650 μηδὲν
1124 554 1276 648 ἀρνεῖται
1299 556 1317 632 ὁ
1340 557 1435 644 θεάς,
1459 559 1502 630 τὰ
1525 559 1638 632 πάντα
1732 548 1733 600 ί

329 671 392 737 τοῦ
414 669 594 750 θεοσεβοῦς
618 671 752 752 γίνεται.
771 669 775 746 Ι

539 915 608 982 VII.
622 905 695 982 “On
716 906 825 981 καλὸν
845 905 986 997 ἐφόδιον
1008 917 1203 999 Χριστιανῷ
1227 905 1246 998 ἡ
1268 905 1425 982 εύτίλεια.
1653 914 1734 982 οῖον

416 1075 530 1166 Τρυφή
553 1081 587 1148 δὲ
610 1081 656 1158 είς
678 1072 803 1166 ήδονάς
825 1070 983 1165 ἀλωμένη
1003 1074 1154 1164 χαλεπὸν
1185 1071 1385 1165 ἀνθρώποις
1407 1072 1575 1164 ναυάγιον
1595 1085 1638 1164 γί·
1654 1089 1707 1152 311

295 1199 312 1251 5
331 1200 436 1248 νεται·
479 1173 663 1263 ἀλλότριον
685 1173 747 1264 γὰρ
770 1179 830 1263 τῆς
853 1172 1003 1264 ἀληθοῦς
1021 1183 1222 1260 φιλοκαλίας
1237 1181 1292 1246 καί
1308 1182 1381 1248 τῶν
1397 1172 1549 1247 ἀστείων
1566 1172 1638 1264 ήδο-

330 1285 403 1349 νῦν
426 1271 444 1348 δ
468 1271 547 1366 ήδῦς
566 1267 668 1360 οὗτος
681 1281 737 1347 καὶ
753 1272 874 1364 ἀκλεής
889 1281 964 1345 τῶν
984 1281 1130 1346 πολλῶν
1149 1283 1230 1358 βίος.
1259 1273 1356 1362 φύσει
1378 1273 1441 1365 γὰρ
1464 1270 1638 1362 δάνθρω-
1734 1281 1735 1298 ’

329 1405 395 1460 πος
417 1371 551 1466 ύψηλόν
572 1379 644 1448 ἐστι
667 1381 757 1465 ζῷον
779 1381 834 1444 καί
857 1379 983 1462 γαῦρον
1003 1382 1059 1444 καί
1083 1380 1146 1446 τοῦ
1159 1381 1267 1446 καλοῦ
1282 1371 1476 1464 ζητητικόν,
1501 1367 1564 1445 άτε
1580 1382 1640 1446 τοῦ

329 1473 438 1566 μόνου
453 1481 592 1566 <καλοῦ>
609 1473 846 1566 δημιούργημα,
863 1467 928 1544 ῦδὲ
939 1477 1152 1562 ἐπί-γαστέρα
1167 1471 1262 1563 αύτῷ
1277 1481 1349 1559 βίος
1365 1471 1509 1564 ἄσεμνός
1524 1503 1563 1544 τε
1585 1483 1638 1544 καὶ

330 1581 560 1658 ἐπονείδιστος
581 1581 637 1646 καί
660 1572 810 1662 εἰδεχθὴς
832 1579 887 1642 καὶ
908 1578 1167 1661 καταγέλαστος.
1212 1570 1493 1664 ἀλλοτριώτατον
1520 1579 1557 1644 δὲ
1580 1579 1670 1661 τής2

281 1693 313 1747 10
331 1681 426 1758 θείας
460 1674 593 1762 φύσεως
624 1671 645 1764 ή
676 1679 864 1764 φιληδονία,
896 1670 1022 1761 ὁμοίως
1052 1677 1113 1762 μὲν
1145 1683 1311 1744 σιτεῖσθαι
1342 1689 1414 1755 τοῖς
1445 1684 1639 1763 στρουθοῖς.

331 1771 457 1864 ὁμοίως
488 1781 523 1847 δὲ
553 1792 626 1856 τοῖς
655 1772 731 1845 ύσίν
752 1779 901 1853 καὶτοῖς
924 1769 1060 1860 τράγοις
1091 1767 1232 1859 ὀχεύειν·
1275 1772 1316 1844 τὸ
1339 1778 1401 1862 γὰρ
1423 1771 1489 1862 τήν
1512 1769 1640 1860 ήδονήν

332 1883 478 1965 νομίζειν
501 1870 634 1962 ἀγαθὸν
656 1870 893 1959 ἀπειροκαλίας
914 1875 983 1942 ἐστὶ
1015 1881 1154 1954 τελείας,
1186 1882 1415 1959 φιλοπλουτία
1437 1878 1474 1943 δὲ
1495 1877 1641 1960 ἐξίστησι

331 1981 390 2063 της
421 1970 528 2062 ὀρθῆς
561 1980 690 2062 διαίτης
712 1971 774 2044 τὸν
797 1969 988 2059 ἄνθρωπον
1010 1968 1222 2060 ἀπερυθριᾶν
1243 1971 1329 2061 πρὸς
1352 1970 1394 2042 τὰ
1421 1971 1540 2060 αίσχρά
1563 1967 1641 2042 ἀνα·
1736 2014 1737 2038 I

330 2081 508 2156 πείθουσα,
534 2073 611 2144 »ἐὰν
632 2069 740 2160 μόνον
761 2075 817 2160 ἐχη
840 2069 982 2160 δύναμιν
1004 2069 1158 2160 καθάπερ
1180 2079 1305 2159 θηρίον
1327 2077 1390 2143 τοῦ
1413 2091 1537 2160 φαγεῖν
1558 2099 1640 2141 παν-
1736 2067 1737 2078 ’

281 2190 313 2242 15
332 2171 465 2244 τοδαπά
487 2179 542 2242 καί
562 2190 654 2243 πιεῖν
676 2169 841 2252 ω’σαύτως
862 2178 919 2241 καὶ
939 2166 1150 2258 ἀφροδισίων
1172 2178 1285 2242 πᾶσαν
1314 2166 1456 2253 πάντας
1482 2178 1641 2258 παρέχειν

331 2269 560 2361 πλησμονήνι.
604 2271 658 2343 διά
680 2277 785 2343 τοῦτο
806 2278 1032 2341 σπανιαίτατα
1056 2268 1119 2358 τήν
1140 2280 1311 2355 βασιλείαν
1331 2277 1395 2342 τοῦ
1413 2275 1498 2341 θεοῦ
1520 2281 1670 2360 κληρο-3

333 2390 434 2461 νομεῖ.
476 2377 544 2442 ποῦ
577 2379 694 2443 τοίνυν
725 2371 769 2442 τά
799 2375 949 2440 τοσαῦτα
979 2366 1290 2458 παρασκευάζονται
1322 2363 1392 2458 ὄψα
1421 2366 1443 2458 ή
1475 2373 1530 2441 ἵνα
1562 2378 1640 2458 μίαν
1737 2382 1738 2450 I

332 2467 540 2560 πλήρωσωσι
563 2477 720 2558 γαστέρα,·
750 2468 791 2540 τὸ
814 2466 1013 2556 ἀκάθαρτον
1035 2475 1096 2556 τῆς
1127 2477 1387 2558 γαστριμαργίας
1408 2471 1439 2540 οί
1461 2477 1641 2557 κοπρῶνες

334 2575 536 2659 ἐλέγχουσιν,
568 2574 613 2652 είς
645 2566 703 2652 οῦς
731 2565 970 2641 ἀποπτύουσιν
1000 2564 1097 2656 ήμῶν
1124 2571 1157 2638 αἱ
1179 2577 1337 2658 γαστέρες
1368 2575 1428 2659 τῆς
1459 2568 1577 2652 δαιτὸς
1599 2568 1640 2638 τὰ

282 2683 316 2738 20
334 2679 486 2756 λείψανα.
529 2675 597 2740 ποῦ
628 2675 663 2739 δὲ
694 2669 774 2750 τοῦς
805 2663 983 2756 οἰνοχόους
1014 2669 1095 2750 τοῦς
1118 2667 1306 2752 τοσούτους
1327 2676 1562 2758 συναγείρουσι
1583 2674 1673 2760 μιᾷλ

332 2769 443 2841 κύλικι
465 2774 659 2859 πλησθῆναι
681 2765 875 2856 δυνάμενος
896 2774 965 2840 ποῦ
987 2773 1022 2838 δὲ
1045 2775 1118 2838 τῶν
1140 2766 1301 2858 ἐσθήτων
1315 2768 1377 2852 τὰς
1391 2768 1577 2853 κιβωτούς,·
1599 2769 1640 2838 τά
1738 2746 1739 2828 ί

332 2879 449 2958 χρυσία
471 2875 507 2940 δὲ
529 2875 612 2952 ποῦ;
633 2873 689 2938 καί
711 2866 754 2938 τὰ
775 2863 896 2956 κόσμια
917 2873 1000 2950 ποῦ;
1022 2865 1238 2948 λωποδύταις
1260 2873 1296 2939 δὲ
1318 2865 1404 2938 αύτά
1426 2875 1482 2938 καὶ
1501 2867 1640 2954 κακούρ

333 2999 404 3058 γοις
425 2964 737 3057 παρασκευάζονται
768 2973 823 3038 καί
847 2985 920 3048 τοῖς
942 2974 1070 3054 λίχνοις
1098 2961 1299 3055 ὄφθαλμοίς.
1345 2966 1585 3057 »ἐλεημοσύναι
1607 2973 1640 3036 δὲ

331 3076 386 3138 καί
407 3077 538 3150 πίστεις
558 3067 604 3158 μὴ
626 3063 875 3138 ἐκλειπέτωσάν
897 3089 962 3148 σει,
985 3074 1088 3154 φησίν
1111 3063 1131 3155 ή
1154 3064 1274 3154 γραφή.
1318 3064 1393 3138 ίδοῦ
1407 3073 1492 3154 γοῦν
1506 3073 1562 3136 καὶ
1579 3065 1641 3137 τὸν
1658 3088 1715 3150 εει

281 3182 314 3237 25
334 3177 500 3256 Θεσβίτην
514 3163 628 3239 Ἠλίαν
650 3165 758 3237 καλὸν
772 3162 957 3254 ῦπόδειγμα
972 3172 1033 3255 τῆς
1054 3161 1221 3247 εῦτελείας
1237 3169 1364 3255 ἐχομεν,
1387 3159 1447 3237 ῦτε
1464 3163 1642 3237 »ἐκάθισεν

332 3265 398 3338 ύπὸ
431 3267 495 3356 τήν
527 3263 674 3354 ῥάμνον«
699 3273 756 3337 καί
778 3260 797 3335 δ
819 3264 960 3352 ἀγγελος
982 3263 1076 3356 αύτῷ
1103 3274 1231 3354 κομίζει
1254 3262 1396 3355 τροφάς·
1443 3268 1642 3355 »ἐγκρυφίας

333 3374 488 3453 κρίθινος
518 3369 562 3453 ήν
592 3371 648 3436 καί
679 3361 833 3452 καψάκης
864 3357 1012 3448 ὕδατος(
1058 3371 1219 3438 τοιοῦτον
1246 3364 1387 3454 άριστον
1409 3361 1503 3456 αύτῷ
1528 3364 1642 3456 κύριος

334 3469 490 3553 ἐπεμψεν.
533 3460 611 3553 ἡμῖν
643 3463 706 3552 άρα
736 3460 864 3552 ἀνάγκη
897 3463 981 3550 πρὸς
1012 3459 1177 3554 ἀλήθειαν
1209 3459 1451 3554 ὁδοιποροῦσιν
1481 3461 1674 3552 εύζώνοιςε

333 3571 502 3652 γενέσθαι·
527 3562 589 3652 »μὴ
605 3560 786 3649 βαστάζετε
802 3561 895 3652 γάρι,
911 3566 1005 3635 εἶπεν
1026 3561 1044 3634 δ
1061 3563 1185 3653 κύριος,
1212 3561 1446 3649 »βαλλάντιον,
1469 3563 1514 3654 μή
1529 3563 1643 3654 πήραν

281 3679 314 3732 30
332 3669 414 3752 μηδὲ
436 3659 623 3751 ύπόδημαι,
654 3669 820 3744 τουτέστι,
850 3663 895 3752 μή
918 3669 1073 3736 πλοῦτον
1102 3662 1275 3754 κτήσησθε
1305 3664 1369 3736 τὸν
1390 3669 1427 3737 ἐν
1447 3673 1642 3753 βαλλαντίῳ

419 3886 532 3941 14-10
550 3883 629 3939 Plato
648 3885 712 3955 Leg.
732 3885 796 3940 VIII
814 3903 839 3956 p.
857 3886 906 3941 831
920 3885 968 3940 DII
987 3916 1019 3925 -
1039 3887 1103 3942 101
1118 3887 1173 3958 vgl.
1192 3888 1292 3942 Matth.
1312 3890 1352 3954 19,
1371 3889 1418 3950 23;
1435 3886 1524 3941 Mark.
1546 3889 1586 3950 10,
1600 3887 1644 3949 24;

333 3969 400 4023 Luk.
428 3971 468 4034 18,
486 3973 520 4024 24
538 3970 589 4024 mit
607 3971 619 4023 I
639 3970 700 4024 Kor.
721 3973 759 4033 15,
777 3975 812 4026 00
829 4000 862 4010 -
881 3971 946 4026 201
968 3969 1047 4026 Prov.
1066 3971 1090 4036 3,
1109 3974 1125 4027 3
1143 4001 1176 4010 -
1195 3972 1307 4027 21-27
1329 3973 1385 4041 ng.
1403 3973 1416 4025 1
1434 3971 1504 4026 Κδυ.
1524 3973 1566 4038 19,
1585 3973 1644 4027 4.6

332 4084 364 4094 -
384 4054 450 4110 201
464 4055 533 4109 Luk.
553 4056 594 4120 10,
611 4058 628 4110 4
646 4084 679 4093 -
699 4055 737 4109 29
756 4057 794 4123 μη
812 4053 969 4126 βαστάζετε
987 4085 1021 4095 -
1039 4057 1063 4110 S.
1082 4056 1151 4120 200,
1170 4056 1188 4110 1
1206 4051 1332 4126 εἴρηνται
1345 4055 1509 4110 Νἱοελαεαείι.
1529 4074 1564 4110 zu
1577 4057 1642 4111 Luk.

333 4141 382 4202 110.
400 4141 428 4206 4)
454 4140 483 4192 In
501 4140 609 4194 Monac.
628 4141 679 4194 473
700 4158 727 4211 p.
745 4142 809 4204 212;
835 4140 932 4208 AngeI.
948 4141 997 4196 100
1014 4141 1033 4193 1.
1047 4141 1118 4195 1831
1139 4141 1194 4194 Ine.
1212 4141 1369 4209 κλήμεντος
1387 4139 1592 4212 οτρωματέοις·
1610 4139 1642 4196 τδ

333 4223 361 4280 δὲ
379 4230 436 4278 πᾶν
447 4231 590 4280 τοιοῦτον·
609 4225 647 4293 μη
665 4222 820 4296 βαστάζετε
837 4221 1008 4297 βαλλάντιον
1026 4225 1097 4295 expl.
1116 4220 1251 4297 είρηνται.

417 4427 435 4482 8
453 4427 554 4498 μόνον]
573 4426 660 4497 λόγου
671 4428 789 4482 Ηδεολιελ
805 4429 808 4492 Ι
825 4428 940 4495 (καλοῦ)
960 4427 1011 4493 St!
1029 4429 1078 4484 10.
1099 4429 1136 4483 11
1156 4423 1264 4496 δμοίως
1281 4427 1320 4482 P*
1339 4423 1441 4497 δμοιος
1453 4427 1490 4482 1²²
1505 4429 1510 4492 ί
1528 4429 1564 4483 ll
1585 4436 1643 4491 ταῖς

334 4509 394 4566 ὑσίν
407 4513 443 4564 Ρ*
461 4520 522 4576 ταῖς
539 4509 601 4566 ὑσίν
613 4511 647 4562 P¹
663 4514 667 4577 Ι
684 4511 722 4567 14
741 4513 833 4586 θηρίῳ
852 4512 931 4594 Ρίμίο
948 4514 952 4580 1
969 4513 1004 4567 11
1028 4512 1094 4581 ποῦ]
1112 4519 1165 4566 ποῖ
1180 4513 1259 4567 Schw
1278 4514 1389 4580 (ebenso
1407 4513 1448 4568 20.
1467 4513 1508 4566 21.
1527 4514 1572 4582 22)
1587 4517 1592 4578 Ι
1609 4511 1642 4581 [ἢ]

334 4595 480 4650 Markland
496 4600 499 4664 I
517 4596 581 4650 201
595 4597 640 4649 δαί
657 4625 689 4634 -
708 4597 753 4650 δαί
771 4595 792 4650 Ρ
809 4597 812 4665 ί
829 4597 868 4652 21
886 4597 993 4661 πίστεις
1010 4597 1044 4649 P¹
1066 4597 1157 4661 πίστις
1175 4597 1212 4651 P*
1228 4598 1232 4666 ί
1247 4593 1438 4652 ἐκλιπέτωσαν
1455 4597 1477 4650 Ρ
