3510 5474
300 1321 772 1418 ΚΛΗΜΕΝΤΟΣ
801 1321 1286 1419 ΣΤΡῼΜΑΊῈΩΣ
1450 1338 1617 1394 92⁸2⁵›01'

615 1544 964 1625 ΠΑΙΔΑΙῺΓΟΣ

596 1729 774 1809 ΛΟΓΟΣ
796 1729 991 1809 ΤΡίΤίλΣ

525 1916 702 2005 Κεφάλαια
727 1925 790 1990 τοῦ
812 1926 931 2005 τρίτου
953 1915 1066 2007 λόγου.

99 2113 116 2165 5
161 2095 201 2159 Α.
223 2094 304 2176 Περὶ
327 2092 391 2158 τοῦ
412 2085 558 2167 κάλλους
579 2092 642 2157 τοῦ
663 2081 841 2174 ἀληθινοῦ.

161 2197 200 2258 Β.
215 2181 290 2256 Ὅτι
312 2182 353 2257 οό
371 2186 436 2276 χρὴ
457 2192 740 2271 καλλωπίζεσθαι.

166 2296 204 2358 Γ.
226 2285 318 2373 Πρός
340 2286 420 2366 τούς
441 2289 861 2375 καλλαπιζομένουςζτοῖιν
884 2281 1028 2374 ἀνδρῶν.

166 2394 201 2458 Δ.
228 2394 296 2457 Τίσι
316 2392 603 2472 συνδιατριπτέον.

167 2494 205 2556 Ε.
225 2493 306 2569 Πῶς
328 2491 404 2575 περὶ
426 2483 469 2557 τὰ
492 2483 619 2574 λουτρὰ
641 2482 904 2572 ἀναστρεπτέον.

87 2610 122 2664 10
169 2593 206 2656 F.
221 2579 294 2655 ‘'On
315 2583 421 2674 μόνος
442 2582 605 2667 πλούσιος
627 2580 646 2656 ό
671 2579 881 2672 Χριστιανός.

170 2693 206 2758 Ζ.
219 2678 293 2756 ‘'Ou
314 2683 421 2756 καλόν
443 2681 584 2772 ἐφόδιον
607 2691 802 2773 Χριστιανῴ
826 2679 846 2772 ἡ
868 2681 1024 2756 εὐτέλεια.

165 2779 292 2855 ΗὍτι
323 2787 357 2855 αί
387 2783 514 2868 εἰκόνες
544 2790 599 2856 καὶ
631 2783 673 2856 τὰ
703 2779 934 2873 ὑποδείγματα
955 2790 1115 2873 μέγιστον
1136 2790 1238 2873 μέρος
1260 2791 1320 2874 τῆς
1342 2781 1451 2874 όρθῆς

227 2889 288 2955 εἰσι
311 2891 532 2967 διδασκαλίας.

167 2991 203 3054 Θ,
230 2991 325 3066 Τίνος
347 2985 461 3057 ἕνεκεν
483 2983 523 3055 τό
546 2983 694 3073 λουτρόν
716 2991 967 3072 παραληπτέον.

87 3111 123 3164 15
181 3077 291 3155 1.⁰0u
313 3092 367 3155 καί
391 3081 555 3173 γυμνάσια
577 3088 749 3173 ἐγκριτέον
772 3103 844 3164 τοῖς
865 3081 952 3154 κατὰ
975 3079 1079 3170 λόγον
1101 3087 1239 3168 βιοῦσιν.

147 3190 203 3256 ΙΑ.
223 3180 403 3274 Ἐπιδρομη
426 3184 662 3273 κεφαλαιώδης
684 3189 746 3253 τοῦ
767 3178 907 3271 ἀρίστου
927 3186 1010 3265 βίου.

147 3294 203 3355 ΙΒ.
225 3281 403 3374 Ἐπιδρομὴ
424 3283 660 3373 κεφαλαιώδης
682 3278 806 3372 όμοίοος
828 3287 892 3352 τοῦ
907 3275 1047 3365 ἀρίστου
1060 3287 1141 3369 βίου,
1164 3274 1240 3352 όσαι
1255 3287 1329 3351 τῶν
1344 3275 1451 3368 ἀγίων

229 3392 373 3474 γραφῶν
393 3392 693 3474 χαρακτηρίζουσαι
715 3380 778 3454 τόν
801 3388 875 3452 τῶν
899 3386 1115 3468 Χριστιανῶν
1135 3389 1219 3466 βίον.

469 3809 491 3876 Ι.
514 3813 596 3894 Περὶ
619 3809 681 3877 τοῦ
702 3800 847 3886 κάλλους
871 3807 933 3872 τοῦ
955 3797 1131 3892 ἀληθινοῦ.

94 3998 129 4052 20
233 3980 286 4041 Ην
307 3972 379 4060 ἀρα,
403 3969 452 4054 σός
474 3973 591 4054 ἔοικεν,
614 3967 759 4041 πάντοον
778 3975 936 4057 μέγιστον
956 3962 1173 4057 μαθημάτων
1188 3963 1229 4036 τό
1245 3969 1374 4053 γνῶναι
1396 3960 1451 4033 αό
1470 3984 1517 4046 1,1

147 4071 225 4145 τόν·
268 4070 391 4144 ἑαυτὸν
412 4069 475 4161 γάρ
498 4100 551 4154 τις
572 4069 632 4141 ἐὰν
654 4073 735 4158 γνῷ,
758 4065 844 4138 θεὸν
866 4071 999 4150 είσεται,
1021 4065 1106 4136 θεὸν
1128 4071 1163 4136 δὲ
1185 4063 1284 4145 είδοός
1298 4065 1452 4148 ἐξομοιον

149 4170 292 4261 θήσεται
314 4178 396 4262 θεῷ,
420 4167 461 4244 οά
481 4173 709 4260 χρυσοφορῶν
731 4164 809 4237 οὐδὲ
831 4171 1096 4252 ποδηροφορῶν,
1120 4161 1206 4235 ἀλλὰ
1228 4159 1452 4250 ἀγαθοεργῶν

233 4345 297 4401 ειι
313 4345 368 4414 vgl.
387 4345 398 4396 1
416 4343 477 4398 Joh.
496 4343 520 4412 3,
538 4345 554 4397 2

234 4495 288 4551 lff
312 4485 483 4550 Uborsohrift
508 4495 538 4549 in
558 4493 633 4547 PFM
650 4491 736 4562 λόγος
753 4491 855 4563 τρίτος,
885 4486 1060 4541 Verzeiohnis
1079 4485 1127 4538 der
1146 4481 1454 4552 Capitelfibersehriston

147 4583 236 4649 fehlt}
253 4581 291 4637 21
311 4587 370 4652 γνῷ
387 4579 422 4634 Di
439 4577 528 4650 γνὼιη
547 4581 569 4634 Ρ
592 4581 597 4647 Ι
621 4581 660 4634 22
679 4573 900 4645 ποδηροφορῶν]
927 4571 997 4626 dazu
1024 4586 1067 4624 am
1087 4565 1183 4622 Raude
1202 4568 1401 4639 σιδηροφορῖυν
1419 4569 1455 4622 Ρ2

147 4670 228 4741 (jetzt
245 4666 371 4735 συσταίη,
390 4667 441 4720 FM
