3510 5474
321 439 382 502 250
911 426 1045 482 Clemens.

322 591 657 682 παιδαγωγούμενσν,
680 586 733 680 ἐφ’
757 585 800 661 όν
822 585 843 679 ἦ
864 585 979 680 εἰρήνη
1002 587 1269 679 κατεσκήνωσεν,
1292 595 1348 660 καί
1370 587 1455 678 πρός
1480 588 1543 672 τὰς
1565 592 1633 660 έαυ

322 699 386 764 τού
415 701 529 782 τρίχας
560 689 697 781 εἰρήνην
729 689 831 780 άγειν.
873 698 908 760 τί
938 696 1058 762 τοίνυν
1088 686 1151 762 οόκ
1183 686 1225 760 άν
1246 688 1501 779 ἐπιτηδεύσειαν
1524 693 1559 760 αί
1582 702 1661 778 γυε

323 813 433 876 ναῖκες
456 796 489 864 al
512 795 558 874 είς
579 789 796 881 μαχλοσύνην
819 787 1034 874 σπεύδουσαι,
1066 795 1209 862 τοιαῦτα
1240 796 1414 879 τολμῶσιν
1435 787 1633 878 ἐνοπτριζό·

321 920 419 983 μενοι
442 910 515 974 τοῖς
538 888 715 978 άνδράσιν,·
736 895 921 978 μᾶλλονδὲ
941 885 1005 960 ούκ
1019 888 1153 977 ἄνδρας,
1175 887 1342 974 βατάλους
1357 894 1392 960 δὲ
1406 895 1463 960 καί
1476 888 1635 978 γύννιδος

287 1013 303 1066 5
322 1003 440 1064 καλεῖν
462 989 609 1072 τούτους
630 987 702 1078 χρή,
726 981 778 1061 ῶν
798 996 854 1059 καί
877 991 909 1060 αί
932 998 1046 1076 φωναί
1061 995 1287 1079 τεθραμμέναι
1305 999 1362 1062 καί
1377 985 1398 1077 ἡ
1413 987 1519 1078 ἐσθής
1535 999 1635 1076 τεθη-

323 1097 470 1182 λυμμένη
493 1085 564 1178 άφῇ
585 1098 641 1160 καί
663 1095 763 1177 βαφή.
799 1093 896 1178 δῆλοι
919 1095 953 1160 δὲ
975 1093 1008 1160 οί
1023 1095 1177 1162 τοιοῦτοι
1193 1087 1406 1180 ἐλεγχόμενοι
1421 1087 1486 1160 τόν
1502 1087 1664 1176 τρόπον4

323 1197 453 1278 ἔξωθεν
485 1186 667 1278 ἀμπεχόνη,
701 1183 873 1270 ύποδέσει,
905 1185 1063 1277 σχήματι,
1093 1197 1280 1280 βαδίσματι,
1311 1195 1424 1282 κουρᾷ,
1455 1195 1635 1278 βλέμματι·

324 1287 411 1362 »άπὸ
434 1285 584 1377 ὁράσεως
615 1288 677 1376 γάρ
700 1285 992 1378 ἐπιγνωσθήσεται
1014 1285 1130 1378 άνήρι,
1160 1284 1315 1380 ήγραφή
1337 1295 1433 1377 λέγει,
1469 1298 1545 1360 »καί
1568 1287 1635 1362 άπὸ

321 1386 545 1479 ἀπαντήσεως
567 1385 759 1474 άνθροόπου
775 1385 1070 1477 ἐπιγνωσθήσεται
1084 1388 1282 1478 ἄνθρωπος·
1312 1387 1494 1477 στολισμός
1510 1384 1635 1478 άνδρός

270 1507 303 1560 10
320 1496 377 1562 καὶ
398 1493 486 1578 βῆμα
507 1485 615 1568 ποδός
645 1493 700 1558 καί
730 1492 838 1575 γέλως
867 1484 1027 1578 ὀδόντων
1048 1483 1227 1579 ἀναγγελεῖ
1258 1489 1302 1560 τά
1321 1495 1396 1576 περὶ
1419 1486 1554 1560 αύτοῦκ
1604 1495 1664 1559 οίῖι

320 1588 383 1680 γὰρ
414 1595 470 1660 καὶ
500 1586 543 1658 τά
572 1583 720 1676 μάλιστα
750 1585 836 1675 πρὸς
867 1586 928 1670 τὰς
950 1587 1056 1672 ἄλλας
1086 1594 1366 1678 πεπολεμωμένοι
1388 1597 1505 1676 τρίχας
1525 1587 1633 1678 μόνον

320 1689 382 1771 τάς
404 1693 458 1759 ἐπί
481 1694 524 1776 τῇ
546 1695 678 1775 κεφαλῇ
700 1693 906 1774 περιέπουσι,
928 1695 1049 1777 μικροῦ
1070 1693 1140 1760 δεῖν
1161 1683 1385 1777 ἀναδούμενοι
1406 1687 1633 1777 κεκρυφάλοις

320 1789 381 1872 τάς
412 1785 519 1878 κόμας
550 1784 664 1875 ῶσπερ
695 1790 728 1857 αί
759 1807 920 1874 γυναῖκες.
964 1794 1102 1870 λέοντες
1122 1795 1183 1878 μὲν
1206 1781 1268 1862 οὖν
1288 1785 1427 1876 αύχοῦσι
1449 1788 1491 1860 τὸ
1515 1787 1633 1860 λάσιον
1648 1799 1702 1852 ⁴24.1

320 1887 447 1973 αύτῶν,
480 1883 554 1960 ἀλλ’
577 1891 634 1958 ἐπὶ
655 1893 717 1976 τῆς
747 1883 851 1976 άλκῆς
874 1882 1076 1974 ὁπλίζονται
1098 1895 1141 1976 τῇ
1163 1896 1263 1976 τριχί,
1294 1886 1419 1977 κάπροι
1441 1893 1556 1958 δὲκαὶ
1579 1884 1633 1958 αύ·

269 2006 302 2058 15
321 1996 375 2062 τοί
398 1986 622 2077 σεμνύνονται
645 1993 760 2079 λοφιᾷ,
781 1984 868 2058 άλλά
885 1992 1090 2075 φρίσσοντας
1105 1984 1229 2070 αύτούς
1244 1987 1310 2078 τὴν
1329 1997 1425 2077 τρίχα
1443 1992 1634 2062 δεδοίκασιν

320 2097 472 2178 κυνηγοί,

573 2216 748 2308 είροπόκοι
772 2215 805 2290 δ’
829 2213 897 2302 όιες
918 2229 1060 2309 μαλλοῖς
1081 2229 1374 2310 καταβεβρίθασιν,

321 2353 406 2428 άλλά
438 2359 494 2424 καί
527 2351 663 2425 τούτων
693 2351 887 2443 ἐπλήθυνεν
918 2353 978 2436 τάς
1001 2360 1114 2442 τρίχας
1137 2349 1155 2426 ό
1179 2351 1429 2442 φιλάνθρωπος
1450 2355 1565 2445 πατήρ
1587 2360 1632 2435 είς

320 2451 391 2544 σήν,
424 2451 598 2542 ἄνθρωπε,
627 2449 815 2543 ύπουργίαν
844 2473 951 2544 κεῖραι
979 2463 983 2538 Ι
1011 2451 1145 2541 διδάξας
1169 2453 1249 2536 τούς
1270 2450 1407 2538 πόκους.
1450 2459 1505 2524 καί
1528 2461 1601 2526 τῶν
1647 2463 1735 2523 267Ρῐ

267 2569 301 2622 20
319 2559 437 2626 ἐθνῶν
458 2556 491 2624 οί
513 2559 637 2624 Κελτοὶ
660 2561 715 2624 καί
737 2557 770 2624 οί
792 2553 928 2625 Σκύθαι
949 2560 1110 2644 κομῶσιν,
1143 2549 1217 2626 ἀλλ’
1239 2550 1281 2625 ού
1302 2558 1524 2644 κομμοῦνται·
1569 2559 1632 2642 ἔχει
1647 2569 1702 2627 988

319 2683 352 2724 τι
375 2650 523 2742 φοβερὸν
546 2652 587 2725 τό
612 2646 767 2743 εύτριχον
790 2660 853 2726 τοῦ
873 2651 1043 2743 βαρβάρου
1064 2661 1120 2724 καί
1141 2653 1183 2725 τό
1206 2655 1339 2740 ξανθόν
1361 2649 1467 2724 αύτοῦ
1480 2649 1631 2743 πόλεμον

320 2750 460 2826 άπειλεῖ·
490 2760 645 2842 συγγενές
667 2783 700 2825 τι
722 2751 763 2824 τὸ
783 2761 901 2845 χρῶμα
924 2760 975 2843 τῶ
992 2757 1112 2852 αίματι.
1148 2750 1378 2844 μεμισήκατον
1395 2753 1498 2844 ἄμφω
1515 2751 1662 2824 τούτω3

319 2855 369 2925 τῶ
392 2849 548 2942 βαρβάρω
572 2853 637 2943 τήν
658 2851 806 2942 τρυφήν·
848 2851 1018 2943 μάρτυρας
1040 2857 1266 2940 ἐπιδείξονται
1288 2871 1405 2941 σαφεῖς
1426 2851 1491 2924 τὸν
1510 2849 1631 2942 Ῥῆνον

319 2948 337 3024 ὁ
365 2949 548 3043 Γερμανός,
580 2947 762 3042 όΣκύθης
794 2951 858 3042 τὴν
891 2948 1028 3044 άμαξαν.
1072 2947 1230 3041 όλιγωρεῖ
1257 2959 1293 3025 δὲ
1315 2950 1387 3025 ἐσθ’
1411 2947 1469 3026 ότε
1491 2960 1547 3024 καὶ
1569 2959 1630 3042 τῆς

267 3077 300 3130 25
318 3049 445 3142 ἁμάξης
468 3047 486 3124 ό
510 3051 650 3142 Σκύθης
682 3058 843 3138 (πλοῦτος
865 3054 949 3122 εἶναι
971 3057 1065 3123 δοκεῖ
1084 3059 1135 3142 τῷ
1166 3049 1323 3143 βαρβάρῳ
1346 3051 1387 3125 τό
1409 3059 1554 3144 μέγεθος
1576 3050 1629 3123 αύ-

319 3158 391 3240 τής)
413 3160 469 3222 καί
490 3153 694 3223 καταλιπων
715 3151 780 3240 τήν
795 3151 929 3240 τρυφήν
944 3148 1082 3241 εύτελής
1097 3153 1328 3226 πολιτεύεται·
1365 3155 1463 3225 σίκον
1478 3149 1629 3241 αύτάρκη
1646 3171 1661 3220 4

317 3261 372 3322 καὶ
396 3258 456 3342 τῆς
478 3247 605 3341 ἁμάξης
626 3248 866 3342 εύζωνότερον,
890 3249 952 3322 τόν
970 3251 1089 3336 ίππον,
1112 3253 1227 3338 λοβῶν
1242 3249 1382 3342 Σκύθης
1402 3249 1487 3342 άνήρ
1502 3249 1628 3338 άναβάς

318 3359 455 3438 φέρεται
478 3349 512 3421 οί
533 3350 704 3436 βούλεται·
748 3349 888 3440 κάμνων
911 3357 945 3424 δὲ
969 3350 1033 3440 άρα
1055 3359 1141 3441 λιμῶ
1165 3357 1254 3424 αἰτεῖ
1272 3350 1335 3424 τόν
1356 3356 1464 3424 ίππον
1485 3349 1626 3440 τροφάς,

318 3445 395 3521 όδὲ
416 3447 530 3537 ύπέχει
561 3449 622 3531 τάς
654 3457 787 3536 φλέβας,
819 3461 875 3523 καί
897 3445 916 3521 ό
939 3457 1099 3540 κέκτηται
1129 3448 1249 3538 μόνον,
1281 3457 1333 3540 τῷ
1354 3460 1459 3542 κυρίῳ
1485 3451 1524 3523 τό
1549 3451 1627 3540 αίμα

265 3572 299 3625 30
316 3569 458 3638 χορηγεῖ,
481 3554 535 3618 καί
557 3557 608 3639 τῷ
632 3546 752 3639 νομάδι
775 3545 793 3620 ό
817 3555 920 3632 ίππος
943 3544 1051 3639 ὄχημα
1073 3558 1202 3638 γίνεται
1223 3557 1278 3620 καί
1301 3548 1421 3641 τροφή.
1464 3548 1628 3640 Ἀραβίων
1644 3571 1700 3630 25,1

317 3655 352 3720 δέ
375 3648 487 3733 (άλλοι
510 3641 607 3721 οὗτοι
631 3648 783 3736 νομάδες)
807 3647 828 3741 ή
848 3648 991 3739 μάχιμος
1007 3646 1119 3738 ἡλικία
1138 3647 1369 3740 καμηλοβάται
1384 3658 1457 3722 είσί·
1479 3650 1627 3735 κυούσας

317 3741 414 3822 οὗτοι
436 3749 497 3831 τάς
519 3745 689 3839 καμήλους
711 3754 901 3836 ἐφέζονται·
924 3753 959 3820 αἳ
980 3756 1015 3820 δὲ
1038 3756 1197 3839 νέμονται
1220 3743 1286 3838 άμα
1308 3757 1363 3822 καὶ
1385 3755 1529 3823 θέουσιν
1551 3749 1628 3823 άνα-

317 3845 544 3939 λαμβάνουσαι
575 3848 656 3931 τούς
682 3846 856 3934 δεσπότας,
887 3857 941 3920 καὶ
973 3847 1037 3920 τόν
1058 3851 1153 3920 σίκον
1175 3853 1396 3938 ἐπιφέρονται
1418 3849 1479 3922 σύν
1503 3847 1626 3934 αύτοῖς.

316 3953 344 4019 εί
367 3953 478 4020 δὲκαὶ
500 3947 612 4020 ποτόν
635 3953 785 4021 ἐπιλίποι
817 3968 889 4032 τοῖς
919 3947 1105 4040 βαρβάροις,
1136 3945 1340 4040 άμέλγονται
1363 3957 1425 4020 τοῦ
1447 3947 1627 4039 γάλακτος.

400 4162 495 4218 8-10
514 4161 563 4216 Sir.
583 4163 622 4227 19,
641 4161 695 4216 295
710 4191 742 4200 —
763 4161 798 4217 17
820 4161 922 4218 Hesiod
941 4161 989 4232 Op.
1008 4163 1058 4217 234

400 4362 578 4437 θτολμιῖιοόίι
598 4369 631 4422 F¹
647 4371 651 4436 Ι
668 4372 707 4425 10
725 4366 754 4426 σί
772 4370 810 4424 Ρ*
829 4363 909 4426 οὗτοι
926 4371 981 4439 1³²1
998 4372 1035 4426 ll
1055 4369 1293 4440 πεπολεμωμένοι
1313 4371 1400 4426 Cobet
1419 4373 1470 4428 483
1488 4379 1625 4430 πεπολισ-

313 4454 396 4522 μένοι
413 4454 436 4508 Ρ
451 4457 455 4521 l
472 4454 511 4508 14
530 4452 635 4522 αὐτῶν]
652 4454 779 4524 χαιτῶνί
798 4454 826 4508 F.
846 4454 890 4508 W.
908 4454 1041 4516 Schmidt,
1065 4455 1134 4511 Krit.
1152 4455 1229 4511 Stud.
1247 4457 1286 4510 III
1305 4457 1374 4524 1331
1390 4457 1624 4526 εσκιμμοοιιαι

314 4540 400 4592 Cobet
416 4539 468 4592 482
485 4545 660 4606 κοσμοῦνται
677 4539 699 4590 Ρ
723 4539 727 4606 Ι
752 4538 792 4594 28
818 4530 923 4609 Ῥῆνον]
946 4537 1026 4610 ῥινὸν
1044 4541 1154 4595 Μθητοί
1177 4543 1181 4601 Ι
1206 4541 1246 4598 30
1272 4540 1374 4609 νομάδι
1392 4543 1411 4605 (ι
1429 4541 1458 4595 in
1476 4541 1549 4610 nas.)
1567 4544 1602 4598 Ρι
1622 4545 1625 4608 Ι

313 4624 349 4680 81
370 4621 501 4691 κυούσας]
520 4621 679 4686 κυπτοίσας
699 4621 807 4677 Miinzel
831 4617 871 4688 ὼς
889 4621 984 4689 οἴκους
1003 4617 1089 4690 ούσας
1107 4625 1186 4679 Schw
