3510 5474
329 459 386 522 194
408 419 411 426 Ι
915 448 1048 503 Clemens.

326 607 381 686 ότι
406 609 637 702 »ἀλάβαστρον
658 609 781 702 μύρου(
806 611 899 700 παρὰ
921 609 962 682 τὸ
985 613 1183 684 δεῖπνον
1147 641 1188 686 το
1208 605 1306 701 ἀγιον
1320 621 1487 702 κομίσασα
1511 613 1533 705 6
1557 617 1643 706 γυνὴ

325 712 406 795 τούς
427 710 536 796 πόδας
558 711 697 802 ἤλειφεν
720 718 784 784 τοῦ
804 721 926 799 κυρίου
947 715 1043 783 καί
1025 704 1105 801 ησεν
1127 709 1242 784 αύτόν.
1286 715 1361 784 οίδα
1388 720 1503 785 δὲκαὶ
1525 725 1676 807 χρυσῷ
1661 733 1678 768 ⁰
1746 713 1747 800 3

323 818 379 884 καί
402 820 491 902 λίθῳ
511 822 516 896 3
536 821 637 902 τιμίῳ
660 812 741 894 τοῦς
762 812 928 896 παλαιούς
950 819 1024 882 τῶν
1036 807 1199 900 Ἑβραίων
1213 809 1463 902 ἀναδουμένους
1481 825 1642 902 βασιλεῖς.
1665 831 1695 882 ῖο
1746 823 1747 904 3

405 908 493 983 Ἀλλ’
509 943 530 1002 6
520 908 606 1000 ‘66
620 910 704 999 γυνὴ
719 917 857 1032 μηδέπω
872 939 935 982 του
920 910 1054 999 λόγου
1068 918 1303 1001 μεταλαβοῦσα
1318 915 1382 1000 (ἔτι
1396 913 1458 1002 γὰρ
1473 917 1519 1004 ἠν
1535 913 1643 1006 ἀμαρ-

289 1007 501 1101 5τιολός),“’
482 1039 566 1101 σπερ
589 1007 703 1101 ἡγεῖτο
726 1009 768 1081 τὸ
782 1007 971 1083 κάλλιστον
992 1012 1077 1082 εἶναι
1098 1009 1178 1099 παρ’
1202 1008 1298 1101 αύτῇ,
1321 1011 1363 1082 τό
1381 1011 1498 1101 μύρον,
1520 1017 1642 1107 τούτῳ

322 1120 482 1202 τετίμηκε
513 1110 577 1182 τὸν
604 1108 786 1198 δεσπότην·
817 1106 929 1198 ἀμέλει
961 1117 1017 1181 καὶ
1047 1119 1098 1202 τῷ
1124 1109 1240 1201 κόσμῳ
1268 1112 1531 1201 τοῦσώματος,
1566 1137 1643 1200 ταῖς
1746 1167 1747 1176 1

322 1217 413 1302 θριξὶ
436 1231 510 1292 ταῖς
533 1213 665 1300 ἑαυτῆς,
697 1204 855 1295 ἀπειμᾶτο
888 1209 929 1282 τὸ
955 1210 1120 1299 περιττόν
1146 1219 1210 1284 τοῦ
1235 1211 1356 1301 μύρου,
1387 1215 1640 1288 ὲπισπένδουσα
1746 1301 1747 1304 ¹

323 1318 373 1401 τῷ
397 1319 503 1400 κυρίῳ
524 1317 707 1398 μετανοίας
729 1305 866 1398 δάκρυα.
911 1308 966 1382 διὰ
990 1317 1095 1382 τοῦτο
1129 1309 1324 1400 ιάφέοονται
1349 1307 1453 1402 αὐτῆς
1475 1317 1511 1385 αί
1533 1311 1675 1405 ἆμαρ-3

321 1421 421 1483 τίαιι.
458 1409 599 1483 δύναται
622 1415 777 1480 δὲταῦτα
800 1407 969 1498 σύμβολον
991 1411 1077 1480 είναι
1092 1417 1154 1499 τῆς
1168 1417 1381 1496 διδασκαλίας
1396 1418 1456 1500 τῆς
1470 1421 1640 1504 κυριακῆς
1746 1487 1747 1508 3

271 1531 304 1585 10
321 1521 378 1583 καὶ
401 1517 463 1583 τοῦ
477 1507 613 1590 πόθους
635 1505 753 1580 αύτοῦ·
776 1507 872 1598 μύρῳ
896 1510 958 1600 γὰρ
976 1505 1093 1582 εύιύδει
1113 1506 1333 1600 ἀλειφόμενοι
1347 1515 1380 1584 σί
1393 1508 1498 1596 πόδες
1514 1515 1640 1605 θεατὴν
1746 1571 1747 1608 .

322 1619 535 1684 αἰνίττονται
565 1616 783 1680 διδασκαλίαν
809 1611 863 1679 ἐπὶ
891 1606 933 1678 τὰ
956 1617 1087 1697 πέρατα
1109 1617 1170 1699 τῆς
1192 1616 1252 1700 γῆς
1273 1608 1345 1700 μετ’
1369 1608 1519 1695 εῦκλείας
1543 1610 1640 1686 ὁδεύ-
1746 1619 1747 1648 ³

320 1735 436 1784 ουσαν·
471 1715 632 1800 »ἐξῆλθεν
658 1706 721 1798 γὰρ
747 1701 767 1778 6
799 1706 953 1797 φθόγγος
980 1705 1097 1781 αὐτῶν
1129 1717 1184 1782 ἐπὶ
1215 1709 1257 1780 τὰ
1288 1715 1419 1799 πέρατα
1449 1719 1512 1802 τῆς
1546 1721 1636 1804 γῆς.ι
1746 1789 1747 1794 1

320 1819 375 1882 καί
398 1817 426 1882 εί
447 1809 491 1899 μὴ
520 1805 684 1898 φορτικός
707 1811 793 1878 εἶναι
819 1813 925 1894 δοκῶ,
958 1814 990 1880 σί
1015 1807 1119 1894 πόδες
1148 1815 1181 1882 06
1212 1815 1275 1882 τοῦ
1296 1819 1413 1898 κυρίου
1435 1815 1468 1882 οἱ
1498 1841 1639 1902 μεμυρι-
1746 1823 1747 1860 ί

319 1918 435 2000 σμίνοι
456 1906 645 1982 ἀπόστολσί
667 1911 751 1979 εἰσιν
771 1916 965 2038 προφητείᾳ
987 1915 1048 1998 τῆς
1075 1907 1217 1992 εὐωδίας
1240 1916 1303 1982 τοῦ
1326 1919 1512 1998 χρίσματος
1535 1909 1638 2000 όγίσυ
1746 1931 1747 1946 ’

268 2029 301 2083 15
319 2007 568 2101 μεταλαβόντες
589 2005 788 2096 πνεύματος.
832 2011 864 2079 66
891 2013 975 2128 γοῦν
1000 2007 1308 2100 περινοστὴσαντες
1335 2011 1401 2100 τὴν
1427 2015 1716 2102 οίκουμένην1
1654 2024 1716 2081 621

320 2106 509 2182 ἀπόστολοι
527 2115 583 2179 καὶ
599 2107 640 2178 τό
656 2103 851 2195 εὐαγγέλιον
863 2105 1070 2212 κηρύξαντες
1090 2107 1192 2190 πόδες
1210 2105 1486 2231 ἀλληγοροῦνται
1500 2119 1634 2201 κυρίου.

318 2201 446 2298 περί
419 2239 471 2280 ων
491 2217 547 2278 καὶ
570 2206 623 2279 διὰ
646 2212 709 2277 τοῦ
730 2228 757 2292 6
759 2213 918 2295 αλμυιδσυ
940 2218 1160 2297 προθεσπίζει
1182 2208 1224 2281 τὸ
1244 2215 1387 2298 πνεῦμα·
1422 2211 1635 2300 »προσκυνή-

319 2335 432 2398 σωμεν
454 2312 500 2391 είς
522 2305 585 2379 τὸν
608 2301 733 2386 τόπον,
761 2297 801 2376 ού
825 2309 969 2394 ἔστησαν
990 2312 1023 2380 06
1044 2306 1147 2391 πόδες
1170 2306 1310 2394 αύτοῦι,
1338 2316 1423 2380 τοῦτ
1425 2303 1562 2392 ’ἔστιν
1590 2304 1635 2382 06

318 2412 475 2498 ἔφθασαν
498 2412 530 2479 06
551 2403 654 2488 πόδες
675 2401 780 2476 αύτσῦ
802 2409 834 2476 οἱ
860 2401 1061 2494 ἀπόστολοι,
1089 2403 1131 2478 δι’
1155 2401 1206 2480 ὧν
1231 2405 1478 2498 κηρυσσόμενος
1504 2415 1561 2482 ἐπὶ
1584 2411 1633 2482 τὰ
1746 2433 1747 2502 ξ

267 2526 300 2580 20
317 2499 494 2598 πέρατα
476 2534 557 2596 ηκεν
582 2511 643 2594 τῆς
669 2509 737 2592 γῆς.
780 2501 909 2592 δάκρυα
940 2502 1028 2576 ‹6‘
1008 2537 1028 2594 6
1058 2504 1221 2596 μετάνοιά
1247 2512 1331 2592 ἐστι,
1363 2514 1418 2578 καί
1448 2517 1668 2599 λελυμέναιῗ

317 2616 425 2696 τρίχες
447 2613 669 2695 φιλοκοσμίας
695 2601 881 2694 ἐκήρυσσον
911 2601 1111 2696 ἀπαλλαγὴν
1141 2613 1198 2678 καὶ
1225 2609 1291 2696 τὴν
1316 2607 1402 2696 μετὰ
1432 2613 1497 2680 τοῦ
1527 2610 1632 2700 κηρύ-
1746 2605 1747 2656 3

316 2736 443 2798 γματσς
464 2705 518 2778 διὰ
541 2703 604 2776 τόν
625 2703 742 2794 κύριον
760 2713 884 2791 θλίφιν
898 2710 935 2776 ἐν
949 2703 1147 2795 ύπομοναῑς,
1169 2713 1231 2796 τῆς
1252 2713 1398 2789 παλαιᾶς
1419 2711 1551 2798 ἐκείνης
1574 2709 1631 2780 διὰ
1746 2679 1747 2736 3

315 2807 380 2898 τὴν
401 2817 517 2879 πίστιν
540 2805 604 2895 τὴν
626 2812 706 2877 νέαν
729 2810 911 2892 λελυμένης
933 2812 1135 2892 κενοδοξίας.
1166 2803 1324 2878 ἀλλὰκαὶ
1338 2805 1454 2890 πόδας
1469 2812 1666 2898 ἐμφαίνει3
1746 2821 1747 2874 ί

313 2907 517 3032 δεσποτικὸν
537 2912 706 3026 μυστικῶς
729 2903 838 2989 ταύτη
860 2909 990 2975 νοοῦσι·
1019 2907 1060 2977 τό
1084 2909 1197 2978 ε’λαιον
1219 2903 1323 2990 αύτός
1344 2903 1478 2978 ἐστιν“
1458 2937 1478 2979 ο
1499 2907 1626 2996 κύριος,

260 3021 293 3076 26
312 3004 371 3095 ἀφ’
394 3000 435 3080 οῦ
457 3005 498 3078 τό
526 3011 619 3088 ἕλεος
649 3005 690 3077 τό
722 2999 774 3090 ἐφ’
807 3001 904 3092 ἡμᾶς·
937 3001 978 3074 τό
1012 3008 1047 3074 δὲ
1077 3005 1198 3093 μύρον,
1230 3012 1466 3096 δεδηλωμένον
1498 3011 1625 3084 ἔλαιον

311 3101 448 3179 ἐστὶνι
430 3135 448 3177 ο
476 3103 598 3188 Ἰούδας
629 3102 648 3176 6
678 3101 865 3228 προδότης,
900 3133 928 3193 φ
961 3103 1041 3188 τοῦς
1068 3101 1177 3189 πόδας
1204 3109 1341 3195 ἐχρίσδη
1364 3104 1479 3194 κύριος
1501 3112 1627 3196 τῆςέν

308 3203 424 3326 κόσμῳ
468 3203 686 3295 ἀναστροφῆς
728 3200 1045 3292 ἀπαλλαττόμενος·
1091 3214 1288 3294 μυρίζονται
1325 3206 1387 3294 γὰρ
1424 3209 1456 3276 06
1496 3213 1625 3296 νεκροί·

308 3303 436 3396 δάκρυα
458 3310 614 3394 δίδομεν
642 3309 674 3377 66
701 3299 898 3393 ἁμαρτωλοὶ
925 3303 1227 3392 μετανενσηκότες,
1258 3307 1290 3376 οἱ
1321 3307 1367 3386 είς
1393 3300 1501 3376 αύτόν
1522 3335 1622 3377 πεπι-

308 3404 503 3490 στευκότες,
535 3405 585 3487 οἷς
609 3400 738 3493 ἀφῆκεν
760 3401 821 3485 τὰς
849 3398 1025 3492 ἁμαρτίας,
1056 3412 1112 3494 καὶ
1144 3409 1177 3475 αί
1207 3413 1316 3493 τρίχες
1347 3408 1381 3475 αί
1408 3409 1412 3492 3
1441 3413 1621 3494 λελυμέναι
1640 3421 1725 3477 νόδΡ

393 3544 506 3614 lrvgl.
521 3543 587 3597 ια.
601 3545 624 3608 ι,
637 3545 669 3597 37
689 3541 760 3610 (Joh.
780 3542 982 3608 12,3;Ma66.
1002 3543 1043 3608 νο,
1063 3547 1091 3606 ι;
1109 3543 1197 3597 Mark.
1216 3546 1257 3610 ιι,
1274 3543 1302 3610 3)
1320 3573 1353 3582 -
1372 3542 1412 3597 ει
1428 3543 1483 3610 vgl.
1502 3543 1528 3596 11
1547 3543 1617 3597 sam.

306 3633 345 3698 12,
359 3632 404 3696 3ος
423 3629 548 3683 IChron.
561 3628 631 3690 262
648 3655 681 3665 -
698 3625 741 3680 81
755 3625 822 3679 Lnk.
836 3627 860 3695 7,
871 3628 904 3680 47
923 3655 956 3666 -
975 3628 994 3681 6
1012 3625 1129 3683 δύναται
1145 3657 1179 3665 —-
1197 3627 1221 3680 S.
1236 3627 1303 3695 165,
1323 3627 1361 3682 18
1380 3622 1522 3698 ἁμαρτίας
1540 3627 1616 3683 Nice·

304 3719 401 3770 6666.
419 3734 453 3769 zu
471 3713 533 3767 Joh.
552 3713 604 3782 (12,
621 3711 648 3779 33
665 3711 695 3764 in
713 3709 819 3765 Monac.
839 3711 871 3764 37
890 3709 907 3764 f.
926 3712 1005 3772 3662„
1043 3713 1098 3766 Ine.
1117 3712 1283 3780 κλόμεντος·
1311 3705 1371 3767 ἔστι
1387 3709 1421 3766 τό
1439 3709 1533 3782 μύρον
1551 3711 1614 3782 σύμ-

303 3801 394 3872 βολον
420 3804 469 3866 τῆς
494 3803 545 3853 τοῦ
571 3796 671 3866 κυρίου
696 3795 877 3858 διδασκαλίας
894 3795 966 3864 expl.
986 3791 1135 3868 ἁμαρτίας.
1171 3795 1304 3850 Ιλιιεεοίόε
1321 3795 1396 3850 Οἰίεό
1412 3795 1442 3850 in
1459 3794 1547 3850 Paris.
1566 3798 1614 3851 212

302 3884 358 3954 vgl.
377 3884 546 3950 Ιιίείτωειιυ,
565 3882 688 3936 Οεόσνεα
706 3879 771 3934 1897
790 3880 816 3933 S.
834 3881 867 3934 84
886 3909 918 3918 -
937 3881 982 3937 61
1006 3881 1062 3950 vgl.
1082 3882 1206 3952 Ignatius
1224 3879 1273 3951 Ep.
1296 3878 1419 3949 6166.
1438 3879 1517 3934 XVII
1537 3885 1551 3936 1
1570 3880 1612 3936 διὰ

301 3975 385 4026 τοῦτο
403 3965 495 4040 μύρον
514 3961 614 4039 ἔλαβεν
633 3959 680 4020 ἐπί
697 3969 746 4032 τῆς
763 3967 889 4034 κεφαλῆς
908 3961 995 4020 αὐτοῦ
1013 3961 1147 4036 όκύριος,
1164 3960 1212 4022 ἵνα
1225 3963 1296 4034 τινός
1307 3971 1342 4035 τῇ
1353 3962 1487 4039 ἐκκλησία
1500 3961 1611 4038 ἀφθαρ·

301 4054 464 4110 αἶαν-12
483 4051 738 4119 Ρεε1.18,5ίίλόια.
751 4051 791 4114 10,
806 4050 848 4114 183
867 4078 900 4086 -
920 4048 985 4104 171
999 4049 1072 4103 Psal.
1092 4052 1148 4112 131,
1167 4051 1281 4106 7-22
1294 4049 1350 4119 vgl.
1364 4069 1386 4104 τ.
1400 4049 1430 4102 Β.
1443 4048 1611 4118 11K0r.6‚4

385 4158 403 4211 2
423 4152 490 4226 ἧσεν
508 4155 544 4208 P²
562 4151 640 4224 ἧισεν
657 4151 695 4206 Ρ*
712 4153 716 4220 3
731 4151 749 4207 ό
767 4149 870 4206 τοότωι
888 4151 922 4203 Pl
940 4157 1024 4206 to6w
1043 4151 1101 4219 P*3
1118 4152 1136 4207 8
1154 4147 1299 4220 ἀφίονται
1311 4150 1388 4217 (iiber
1399 4169 1438 4206 ειν
1451 4150 1610 4220 iibergeseh.

298 4241 460 4309 16122312
481 4236 650 4307 ἐξῆλθεν-
670 4238 707 4294 16
727 4235 889 4305 πνεύματος
906 4243 939 4294 <
958 4235 1016 4289 cat.
1037 4237 1041 4304 3
1068 4236 1106 4290 14
1130 4234 1307 4306 [ἀπόστολοί]
1325 4233 1610 4306 θοὴπίπροφητείαι

298 4326 333 4378 Ρ3
351 4325 569 4395 προφητείαΡ*
588 4322 742 4388 Schw316
768 4324 866 4390 μεταλ.
890 4338 935 4374 πν.
953 4339 988 4368 ω
1006 4321 1077 4374 nach
1096 4317 1252 4376 ἀπόστολοι
1270 4320 1321 4387 (16)
1340 4317 1439 4384 Sehw3
1456 4319 1493 4373 16
1510 4319 1609 4374 καί-

298 4409 392 4479 πόδες]
409 4410 496 4474 πόδες
514 4405 720 4478 μεμερισμένοι
733 4407 791 4460 Ca
808 4401 1039 4474 Ιάληγορουνται
1052 4405 1089 4459 Ρ*
1101 4421 1169 4460 corr
1182 4404 1319 4472 P³316
1311 4405 1376 4474 τερι
1388 4421 1475 4457 ων
1463 4403 1528 4458 16
1542 4399 1609 4458 από-

297 4497 393 4548 στολοι
411 4503 444 4554 <
463 4494 521 4547 Cat.
538 4493 599 4560 326
616 4489 774 4562 δάκρια-
793 4489 831 4544 26
850 4488 926 4557 ἡμᾶς
943 4498 976 4547 <
995 4489 1052 4542 Cat
1069 4489 1128 4556 324
1146 4481 1252 4559 ἔλαιον]
1271 4495 1303 4553 -3-
1322 4485 1338 4543 6
1357 4487 1392 4540 P²
1415 4487 1419 4554 3
1444 4485 1509 4543 261
1527 4485 1561 4541 τὸ
1579 4485 1608 4542 δε

294 4576 387 4650 μῦρον
404 4609 437 4618 -
456 4575 607 4646 προδότης]
626 4573 698 4632 ἀλλὰ
716 4577 765 4630 καί
789 4571 884 4638 ίούδας
906 4572 999 4644 μῦρον
1016 4571 1209 4641 δεδολινμενον
1232 4565 1328 4627 ἔλαιον
1347 4572 1405 4626 cat.
1421 4573 1426 4639 3
1442 4571 1481 4628 28
1499 4568 1607 4643 δόκρια

294 4689 328 4701 -
345 4661 371 4717 8.
391 4662 457 4726 196,
477 4665 495 4718 8
515 4657 586 4729 ἐμοῦ
604 4670 636 4719 <
655 4661 713 4714 Cat.
