<?xml version="1.0" encoding="UTF-8"?>
<!DOCTYPE html PUBLIC "-//W3C//DTD XHTML 1.0 Transitional//EN"
    "http://www.w3.org/TR/xhtml1/DTD/xhtml1-transitional.dtd">
<html xmlns="http://www.w3.org/1999/xhtml" xml:lang="en" lang="en">
 <head>
  <title>
</title>
<meta http-equiv="Content-Type" content="text/html;charset=utf-8" />
  <meta name='ocr-system' content='tesseract 3.04.00' />
  <meta name='ocr-capabilities' content='ocr_page ocr_carea ocr_par ocr_line ocrx_word'/>
</head>
<body>
  <div class='ocr_page' id='page_1' title='image "./diegriechischen04unkngoog/diegriechischen04unkngoog_0186.png"; bbox 0 0 3520 5498; ppageno 0'>
   <div class='ocr_carea' id='block_1_1' title="bbox 256 357 975 430">
    <p class='ocr_par' dir='ltr' id='par_1_1' title="bbox 256 357 975 430">
     <span class='ocr_line' id='line_1_1' title="bbox 256 357 975 430; baseline -0.027 0"><span class='ocrx_word' id='word_1_1' title='bbox 256 369 314 430; x_wconf 88' lang='grc'><strong><em>110</em></strong></span> <span class='ocrx_word' id='word_1_2' title='bbox 842 357 975 413; x_wconf 74' lang='lat' dir='ltr'>Clemens.</span> 
     </span>
    </p>
   </div>
   <div class='ocr_carea' id='block_1_2' title="bbox 166 515 1671 3998">
    <p class='ocr_par' dir='ltr' id='par_1_2' title="bbox 166 515 1671 3998">
     <span class='ocr_line' id='line_1_2' title="bbox 255 515 1562 614; baseline -0.008 -18"><span class='ocrx_word' id='word_1_3' title='bbox 255 520 437 614; x_wconf 82' lang='grc' dir='ltr'><strong><em>ὁμολογῶν</em></strong></span> <span class='ocrx_word' id='word_1_4' title='bbox 460 517 668 604; x_wconf 73' lang='grc' dir='ltr'><em>ἀπόστολος,</em></span> <span class='ocrx_word' id='word_1_5' title='bbox 695 516 783 593; x_wconf 84' lang='grc' dir='ltr'><strong><em>ἀλλὰ</em></strong></span> <span class='ocrx_word' id='word_1_6' title='bbox 805 528 946 610; x_wconf 77' lang='grc' dir='ltr'><strong><em>νηπίους</em></strong></span> <span class='ocrx_word' id='word_1_7' title='bbox 968 525 1029 610; x_wconf 80' lang='grc' dir='ltr'><strong><em>μὲν</em></strong></span> <span class='ocrx_word' id='word_1_8' title='bbox 1051 517 1131 601; x_wconf 82' lang='grc' dir='ltr'><strong><em>τούς</em></strong></span> <span class='ocrx_word' id='word_1_9' title='bbox 1152 523 1191 590; x_wconf 93' lang='grc' dir='ltr'><strong><em>ἐν</em></strong></span> <span class='ocrx_word' id='word_1_10' title='bbox 1212 515 1307 608; x_wconf 91' lang='grc' dir='ltr'><strong><em>νόμῳ</em></strong></span> <span class='ocrx_word' id='word_1_11' title='bbox 1329 523 1429 606; x_wconf 81' lang='grc' dir='ltr'><em>λέγει,</em></span> <span class='ocrx_word' id='word_1_12' title='bbox 1458 520 1492 588; x_wconf 84' lang='grc' dir='ltr'><strong><em>οἳ</em></strong></span> <span class='ocrx_word' id='word_1_13' title='bbox 1512 523 1562 604; x_wconf 82' lang='grc' dir='ltr'><strong><em>τῷ</em></strong></span> 
     </span>
     <span class='ocr_line' id='line_1_3' title="bbox 256 613 1564 715; baseline -0.009 -17"><span class='ocrx_word' id='word_1_14' title='bbox 256 623 369 715; x_wconf 84' lang='grc' dir='ltr'><strong><em>φόβῳ,</em></strong></span> <span class='ocrx_word' id='word_1_15' title='bbox 399 619 557 712; x_wconf 87' lang='grc' dir='ltr'><strong><em>καθάπερ</em></strong></span> <span class='ocrx_word' id='word_1_16' title='bbox 589 625 622 694; x_wconf 86' lang='grc' dir='ltr'><strong><em>οί</em></strong></span> <span class='ocrx_word' id='word_1_17' title='bbox 651 626 768 703; x_wconf 72' lang='grc' dir='ltr'><strong><em>παῖδες</em></strong></span> <span class='ocrx_word' id='word_1_18' title='bbox 795 640 868 704; x_wconf 79' lang='grc' dir='ltr'><strong><em>τοις</em></strong></span> <span class='ocrx_word' id='word_1_19' title='bbox 889 627 1159 711; x_wconf 87' lang='grc' dir='ltr'><strong><em>μορμολυκείοις,</em></strong></span> <span class='ocrx_word' id='word_1_20' title='bbox 1190 613 1474 705; x_wconf 81' lang='grc' dir='ltr'><strong><em>ἐκταράττονται,</em></strong></span> <span class='ocrx_word' id='word_1_21' title='bbox 1506 615 1564 687; x_wconf 88' lang='grc' dir='ltr'><strong><em>άν-</em></strong></span> 
     </span>
     <span class='ocr_line' id='line_1_4' title="bbox 256 715 1565 838; baseline -0.008 -42"><span class='ocrx_word' id='word_1_22' title='bbox 256 731 336 813; x_wconf 88' lang='grc' dir='ltr'><strong><em>δρας</em></strong></span> <span class='ocrx_word' id='word_1_23' title='bbox 356 729 392 794; x_wconf 83' lang='grc' dir='ltr'><strong><em>δέ</em></strong></span> <span class='ocrx_word' id='word_1_24' title='bbox 406 721 488 805; x_wconf 83' lang='grc' dir='ltr'><strong><em>τούς</em></strong></span> <span class='ocrx_word' id='word_1_25' title='bbox 504 719 596 812; x_wconf 88' lang='grc' dir='ltr'><strong><em>λόγῳ</em></strong></span> <span class='ocrx_word' id='word_1_26' title='bbox 611 727 811 808; x_wconf 75' lang='grc' dir='ltr'><strong><em>πειθηνίους</em></strong></span> <span class='ocrx_word' id='word_1_27' title='bbox 824 725 880 791; x_wconf 88' lang='grc' dir='ltr'><strong><em>καί</em></strong></span> <span class='ocrx_word' id='word_1_28' title='bbox 896 716 1132 838; x_wconf 68' lang='lat' dir='ltr'><em>a5tegovoio59</em></span> <span class='ocrx_word' id='word_1_29' title='bbox 1145 723 1318 808; x_wconf 78' lang='grc' dir='ltr'><strong><em>κέκληκεν·</em></strong></span> <span class='ocrx_word' id='word_1_30' title='bbox 1340 721 1374 790; x_wconf 85' lang='grc' dir='ltr'><strong><em>οἳ</em></strong></span> <span class='ocrx_word' id='word_1_31' title='bbox 1387 715 1565 788; x_wconf 79' lang='grc' dir='ltr'><strong><em>πεπιστεύ-</em></strong></span> 
     </span>
     <span class='ocr_line' id='line_1_5' title="bbox 255 813 1563 942; baseline -0.006 -48"><span class='ocrx_word' id='word_1_32' title='bbox 255 852 361 942; x_wconf 71' lang='grc' dir='ltr'><strong><em>καμεῳ</em></strong></span> <span class='ocrx_word' id='word_1_33' title='bbox 391 824 533 912; x_wconf 78' lang='grc' dir='ltr'><strong><em>ἑκουσίῳ</em></strong></span> <span class='ocrx_word' id='word_1_34' title='bbox 555 825 749 912; x_wconf 79' lang='grc' dir='ltr'><strong><em>προαιρέσει</em></strong></span> <span class='ocrx_word' id='word_1_35' title='bbox 770 817 970 910; x_wconf 80' lang='grc' dir='ltr'><strong><em>σῳζόμενοι,</em></strong></span> <span class='ocrx_word' id='word_1_36' title='bbox 1001 815 1193 909; x_wconf 79' lang='grc' dir='ltr'><strong><em>ἐμφρόνως,</em></strong></span> <span class='ocrx_word' id='word_1_37' title='bbox 1224 813 1286 890; x_wconf 82' lang='grc' dir='ltr'><strong><em>οόκ</em></strong></span> <span class='ocrx_word' id='word_1_38' title='bbox 1307 815 1486 940; x_wconf 75' lang='grc' dir='ltr'><strong><em>ἀφρόνῳς,</em></strong></span> <span class='ocrx_word' id='word_1_39' title='bbox 1514 821 1563 886; x_wconf 91' lang='grc' dir='ltr'><strong><em>δε-</em></strong></span> 
     </span>
     <span class='ocr_line' id='line_1_6' title="bbox 204 912 1595 1044; baseline -0.009 -52"><span class='ocrx_word' id='word_1_40' title='bbox 204 940 221 992; x_wconf 83' lang='lat'><strong><em>5</em></strong></span> <span class='ocrx_word' id='word_1_41' title='bbox 256 919 449 1044; x_wconf 70' lang='grc' dir='ltr'><strong><em>σιτεόμενοι</em></strong></span> <span class='ocrx_word' id='word_1_42' title='bbox 480 928 531 1012; x_wconf 83' lang='grc' dir='ltr'><strong><em>τῷ</em></strong></span> <span class='ocrx_word' id='word_1_43' title='bbox 563 917 670 1040; x_wconf 78' lang='grc' dir='ltr'><strong><em>φόβῳ.</em></strong></span> <span class='ocrx_word' id='word_1_44' title='bbox 714 915 817 1038; x_wconf 77' lang='grc' dir='ltr'><strong><em>αὐτὸς</em></strong></span> <span class='ocrx_word' id='word_1_45' title='bbox 844 929 922 1010; x_wconf 83' lang='grc' dir='ltr'><strong><em>περὶ</em></strong></span> <span class='ocrx_word' id='word_1_46' title='bbox 948 918 1076 992; x_wconf 85' lang='grc' dir='ltr'><strong><em>τούτου</em></strong></span> <span class='ocrx_word' id='word_1_47' title='bbox 1100 920 1302 1008; x_wconf 81' lang='grc' dir='ltr'><strong><em>μαρτυρήσει</em></strong></span> <span class='ocrx_word' id='word_1_48' title='bbox 1329 912 1348 988; x_wconf 92' lang='lat'><strong><em>5</em></strong></span> <span class='ocrx_word' id='word_1_49' title='bbox 1371 914 1565 997; x_wconf 78' lang='grc' dir='ltr'><strong><em>ἀπόστολος</em></strong></span> <span class='ocrx_word' id='word_1_50' title='bbox 1580 931 1595 980; x_wconf 84' lang='grc'>4</span> 
     </span>
     <span class='ocr_line' id='line_1_7' title="bbox 166 1015 1566 1141; baseline -0.006 -47"><span class='ocrx_word' id='word_1_51' title='bbox 166 1077 171 1082; x_wconf 81' lang='lat'>-</span> <span class='ocrx_word' id='word_1_52' title='bbox 257 1021 337 1104; x_wconf 77' lang='grc' dir='ltr'><strong><em>τοὺς</em></strong></span> <span class='ocrx_word' id='word_1_53' title='bbox 363 1017 541 1102; x_wconf 81' lang='grc' dir='ltr'><strong><em>Ἰουδαίους</em></strong></span> <span class='ocrx_word' id='word_1_54' title='bbox 570 1018 658 1091; x_wconf 81' lang='grc' dir='ltr'><strong><em>κατὰ</em></strong></span> <span class='ocrx_word' id='word_1_55' title='bbox 668 1019 755 1141; x_wconf 77' lang='grc' dir='ltr'><strong><em>τήν</em></strong></span> <span class='ocrx_word' id='word_1_56' title='bbox 783 1026 957 1109; x_wconf 83' lang='grc' dir='ltr'><strong><em>προτέραν</em></strong></span> <span class='ocrx_word' id='word_1_57' title='bbox 987 1015 1157 1108; x_wconf 73' lang='grc' dir='ltr'><strong><em>διαθήκην</em></strong></span> <span class='ocrx_word' id='word_1_58' title='bbox 1185 1015 1417 1138; x_wconf 75' lang='grc' dir='ltr'><strong><em>κληρονόμους</em></strong></span> <span class='ocrx_word' id='word_1_59' title='bbox 1446 1021 1566 1104; x_wconf 85' lang='grc' dir='ltr'><strong><em>λέγων</em></strong></span> 
     </span>
     <span class='ocr_line' id='line_1_8' title="bbox 256 1110 1566 1209; baseline -0.003 -19"><span class='ocrx_word' id='word_1_60' title='bbox 256 1118 335 1193; x_wconf 81' lang='grc' dir='ltr'><strong><em>κατ’</em></strong></span> <span class='ocrx_word' id='word_1_61' title='bbox 367 1125 570 1209; x_wconf 81' lang='grc' dir='ltr'><strong><em>ἐπαγγελίαν</em></strong></span> <span class='ocrx_word' id='word_1_62' title='bbox 601 1113 679 1190; x_wconf 63' lang='grc' dir='ltr'><strong><em>δὲ’</em></strong></span> <span class='ocrx_word' id='word_1_63' title='bbox 658 1123 751 1209; x_wconf 84' lang='grc' dir='ltr'><strong><em>ημᾶς.</em></strong></span> <span class='ocrx_word' id='word_1_64' title='bbox 797 1126 904 1208; x_wconf 74' lang='grc' dir='ltr'><strong><em>ιλέγω</em></strong></span> <span class='ocrx_word' id='word_1_65' title='bbox 938 1123 1005 1204; x_wconf 85' lang='grc' dir='ltr'><strong><em>δέ,ι</em></strong></span> <span class='ocrx_word' id='word_1_66' title='bbox 1039 1126 1158 1206; x_wconf 91' lang='grc' dir='ltr'><strong><em>φησίν,</em></strong></span> <span class='ocrx_word' id='word_1_67' title='bbox 1191 1113 1268 1205; x_wconf 73' lang='grc' dir='ltr'><strong><em>»ἐφ’</em></strong></span> <span class='ocrx_word' id='word_1_68' title='bbox 1296 1110 1379 1188; x_wconf 87' lang='grc' dir='ltr'><strong><em>όσσν</em></strong></span> <span class='ocrx_word' id='word_1_69' title='bbox 1398 1110 1566 1205; x_wconf 86' lang='grc' dir='ltr'><strong><em>χρόνονό</em></strong></span> 
     </span>
     <span class='ocr_line' id='line_1_9' title="bbox 257 1211 1569 1342; baseline -0.005 -53"><span class='ocrx_word' id='word_1_70' title='bbox 257 1216 471 1342; x_wconf 83' lang='grc' dir='ltr'><strong><em>κληρονόμος</em></strong></span> <span class='ocrx_word' id='word_1_71' title='bbox 493 1214 613 1338; x_wconf 75' lang='grc' dir='ltr'><strong><em>νήπιός</em></strong></span> <span class='ocrx_word' id='word_1_72' title='bbox 636 1222 742 1302; x_wconf 89' lang='grc' dir='ltr'><strong><em>ἐστιν,</em></strong></span> <span class='ocrx_word' id='word_1_73' title='bbox 766 1214 865 1292; x_wconf 83' lang='grc' dir='ltr'><strong><em>οόδέν</em></strong></span> <span class='ocrx_word' id='word_1_74' title='bbox 887 1224 1039 1307; x_wconf 77' lang='grc' dir='ltr'><strong><em>διαφέρει</em></strong></span> <span class='ocrx_word' id='word_1_75' title='bbox 1061 1215 1186 1289; x_wconf 82' lang='grc' dir='ltr'><strong><em>δούλου</em></strong></span> <span class='ocrx_word' id='word_1_76' title='bbox 1206 1215 1321 1306; x_wconf 86' lang='grc' dir='ltr'><strong><em>κόριος</em></strong></span> <span class='ocrx_word' id='word_1_77' title='bbox 1342 1212 1491 1288; x_wconf 88' lang='grc' dir='ltr'><strong><em>πάντων</em></strong></span> <span class='ocrx_word' id='word_1_78' title='bbox 1508 1211 1569 1294; x_wconf 82' lang='grc' dir='ltr'><strong><em>ὧν,</em></strong></span> 
     </span>
     <span class='ocr_line' id='line_1_10' title="bbox 259 1314 1569 1440; baseline -0.004 -50"><span class='ocrx_word' id='word_1_79' title='bbox 259 1315 347 1391; x_wconf 85' lang='grc' dir='ltr'><strong><em>ἀλλὰ</em></strong></span> <span class='ocrx_word' id='word_1_80' title='bbox 372 1314 440 1388; x_wconf 84' lang='grc' dir='ltr'><strong><em>δπό</em></strong></span> <span class='ocrx_word' id='word_1_81' title='bbox 467 1314 675 1407; x_wconf 83' lang='grc' dir='ltr'><strong><em>ἐπιτρόπους</em></strong></span> <span class='ocrx_word' id='word_1_82' title='bbox 700 1322 771 1389; x_wconf 86' lang='grc' dir='ltr'><strong><em>ἐστὶ</em></strong></span> <span class='ocrx_word' id='word_1_83' title='bbox 792 1325 849 1390; x_wconf 83' lang='grc' dir='ltr'><strong><em>καὶ</em></strong></span> <span class='ocrx_word' id='word_1_84' title='bbox 871 1315 1118 1440; x_wconf 67' lang='grc' dir='ltr'><strong><em>σίκονόμοης”</em></strong></span> <span class='ocrx_word' id='word_1_85' title='bbox 1097 1344 1172 1405; x_wconf 87' lang='grc' dir='ltr'><strong><em>αχρι</em></strong></span> <span class='ocrx_word' id='word_1_86' title='bbox 1183 1321 1254 1439; x_wconf 82' lang='grc' dir='ltr'><strong><em>τής</em></strong></span> <span class='ocrx_word' id='word_1_87' title='bbox 1275 1321 1484 1404; x_wconf 77' lang='grc' dir='ltr'><strong><em>προθεσμίας</em></strong></span> <span class='ocrx_word' id='word_1_88' title='bbox 1505 1320 1569 1385; x_wconf 83' lang='grc' dir='ltr'><strong><em>τοῦ</em></strong></span> 
     </span>
     <span class='ocr_line' id='line_1_11' title="bbox 208 1409 1569 1538; baseline -0.005 -48"><span class='ocrx_word' id='word_1_89' title='bbox 208 1436 242 1490; x_wconf 90' lang='grc'><strong><em>10</em></strong></span> <span class='ocrx_word' id='word_1_90' title='bbox 259 1413 398 1536; x_wconf 77' lang='grc' dir='ltr'><strong><em>πατρός.</em></strong></span> <span class='ocrx_word' id='word_1_91' title='bbox 441 1409 553 1500; x_wconf 82' lang='grc' dir='ltr'><strong><em>οότως</em></strong></span> <span class='ocrx_word' id='word_1_92' title='bbox 584 1424 639 1489; x_wconf 88' lang='grc' dir='ltr'><strong><em>καί</em></strong></span> <span class='ocrx_word' id='word_1_93' title='bbox 671 1413 777 1508; x_wconf 82' lang='grc' dir='ltr'><strong><em>ήμείς,</em></strong></span> <span class='ocrx_word' id='word_1_94' title='bbox 809 1412 867 1490; x_wconf 81' lang='grc' dir='ltr'><strong><em>ὅτε</em></strong></span> <span class='ocrx_word' id='word_1_95' title='bbox 898 1409 982 1538; x_wconf 69' lang='lat'><em>5555</em></span> <span class='ocrx_word' id='word_1_96' title='bbox 1012 1413 1141 1504; x_wconf 82' lang='grc' dir='ltr'><strong><em>νήπιοι,</em></strong></span> <span class='ocrx_word' id='word_1_97' title='bbox 1171 1412 1239 1486; x_wconf 82' lang='grc' dir='ltr'><strong><em>όπό</em></strong></span> <span class='ocrx_word' id='word_1_98' title='bbox 1267 1414 1309 1486; x_wconf 86' lang='grc' dir='ltr'><strong><em>τά</em></strong></span> <span class='ocrx_word' id='word_1_99' title='bbox 1336 1433 1485 1502; x_wconf 79' lang='grc' dir='ltr'><strong><em>στοιχεῖα</em></strong></span> <span class='ocrx_word' id='word_1_100' title='bbox 1506 1420 1569 1486; x_wconf 84' lang='grc' dir='ltr'><strong><em>τοῦ</em></strong></span> 
     </span>
     <span class='ocr_line' id='line_1_12' title="bbox 258 1507 1568 1638; baseline -0.004 -50"><span class='ocrx_word' id='word_1_101' title='bbox 258 1513 386 1606; x_wconf 85' lang='grc' dir='ltr'><strong><em>κόσμου</em></strong></span> <span class='ocrx_word' id='word_1_102' title='bbox 413 1507 496 1606; x_wconf 84' lang='grc' dir='ltr'><strong><em>ήμεν</em></strong></span> <span class='ocrx_word' id='word_1_103' title='bbox 523 1511 835 1638; x_wconf 68' lang='grc' dir='ltr'><strong><em>δεδοηλωμένσι·”</em></strong></span> <span class='ocrx_word' id='word_1_104' title='bbox 815 1547 874 1590; x_wconf 89' lang='grc' dir='ltr'><strong><em>οτε</em></strong></span> <span class='ocrx_word' id='word_1_105' title='bbox 900 1523 936 1588; x_wconf 85' lang='grc' dir='ltr'><strong><em>δέ</em></strong></span> <span class='ocrx_word' id='word_1_106' title='bbox 958 1508 1067 1606; x_wconf 83' lang='grc' dir='ltr'><strong><em>ἦλθεν</em></strong></span> <span class='ocrx_word' id='word_1_107' title='bbox 1093 1515 1134 1588; x_wconf 88' lang='grc' dir='ltr'><strong><em>τό</em></strong></span> <span class='ocrx_word' id='word_1_108' title='bbox 1157 1512 1326 1606; x_wconf 86' lang='grc' dir='ltr'><strong><em>πλήρωμα</em></strong></span> <span class='ocrx_word' id='word_1_109' title='bbox 1347 1519 1413 1634; x_wconf 45' lang='grc' dir='ltr'><strong><em>τοῦ,</em></strong></span> <span class='ocrx_word' id='word_1_110' title='bbox 1432 1510 1568 1633; x_wconf 71' lang='grc' dir='ltr'><strong><em>χρόνσῳ</em></strong></span> 
     </span>
     <span class='ocr_line' id='line_1_13' title="bbox 259 1611 1569 1706; baseline -0.004 -17"><span class='ocrx_word' id='word_1_111' title='bbox 259 1611 538 1704; x_wconf 79' lang='grc' dir='ltr'><strong><em>ἐξαπέστειλεν</em></strong></span> <span class='ocrx_word' id='word_1_112' title='bbox 519 1645 538 1688; x_wconf 93' lang='grc' dir='ltr'><strong><em>ο</em></strong></span> <span class='ocrx_word' id='word_1_113' title='bbox 561 1614 642 1699; x_wconf 86' lang='grc' dir='ltr'><strong><em>θεὸς</em></strong></span> <span class='ocrx_word' id='word_1_114' title='bbox 670 1615 734 1688; x_wconf 90' lang='grc' dir='ltr'><strong><em>τόν</em></strong></span> <span class='ocrx_word' id='word_1_115' title='bbox 760 1615 837 1688; x_wconf 89' lang='grc' dir='ltr'><strong><em>υίὸν</em></strong></span> <span class='ocrx_word' id='word_1_116' title='bbox 859 1613 978 1703; x_wconf 78' lang='grc' dir='ltr'><strong><em>αὐτοῦ,</em></strong></span> <span class='ocrx_word' id='word_1_117' title='bbox 1011 1611 1195 1706; x_wconf 88' lang='grc' dir='ltr'><strong><em>γενόμενον</em></strong></span> <span class='ocrx_word' id='word_1_118' title='bbox 1216 1620 1254 1687; x_wconf 81' lang='grc' dir='ltr'><strong><em>ἐκ</em></strong></span> <span class='ocrx_word' id='word_1_119' title='bbox 1275 1611 1446 1704; x_wconf 85' lang='grc' dir='ltr'><strong><em>γυναικός,</em></strong></span> <span class='ocrx_word' id='word_1_120' title='bbox 1476 1611 1569 1702; x_wconf 89' lang='grc' dir='ltr'><strong><em>γενό-</em></strong></span> 
     </span>
     <span class='ocr_line' id='line_1_14' title="bbox 259 1713 1571 1806; baseline -0.004 -18"><span class='ocrx_word' id='word_1_121' title='bbox 259 1744 363 1806; x_wconf 91' lang='grc' dir='ltr'><strong><em>μενον</em></strong></span> <span class='ocrx_word' id='word_1_122' title='bbox 383 1713 451 1789; x_wconf 84' lang='grc' dir='ltr'><strong><em>δπό</em></strong></span> <span class='ocrx_word' id='word_1_123' title='bbox 474 1714 593 1806; x_wconf 90' lang='grc' dir='ltr'><strong><em>νόμον,</em></strong></span> <span class='ocrx_word' id='word_1_124' title='bbox 617 1720 672 1788; x_wconf 85' lang='grc' dir='ltr'><strong><em>ίνα</em></strong></span> <span class='ocrx_word' id='word_1_125' title='bbox 695 1717 775 1799; x_wconf 87' lang='grc' dir='ltr'><strong><em>τούς</em></strong></span> <span class='ocrx_word' id='word_1_126' title='bbox 797 1713 864 1790; x_wconf 85' lang='grc' dir='ltr'><strong><em>όπό</em></strong></span> <span class='ocrx_word' id='word_1_127' title='bbox 888 1714 995 1806; x_wconf 91' lang='grc' dir='ltr'><strong><em>νόμον</em></strong></span> <span class='ocrx_word' id='word_1_128' title='bbox 1017 1713 1211 1805; x_wconf 71' lang='grc' dir='ltr'><strong><em>ἐξαγοράσῃ,</em></strong></span> <span class='ocrx_word' id='word_1_129' title='bbox 1233 1713 1348 1784; x_wconf 84' lang='grc' dir='ltr'><strong><em>ίνα</em></strong></span> <span class='ocrx_word' id='word_1_130' title='bbox 1311 1743 1375 1804; x_wconf 91' lang='grc' dir='ltr'><strong><em>την</em></strong></span> <span class='ocrx_word' id='word_1_131' title='bbox 1395 1717 1571 1786; x_wconf 76' lang='grc' dir='ltr'><strong><em>υἱοθεσίαν</em></strong></span> 
     </span>
     <span class='ocr_line' id='line_1_15' title="bbox 179 1812 714 1906; baseline -0.006 -18"><span class='ocrx_word' id='word_1_132' title='bbox 179 1852 198 1874; x_wconf 87' lang='lat'><strong><em>··</em></strong></span> <span class='ocrx_word' id='word_1_133' title='bbox 261 1813 490 1906; x_wconf 75' lang='grc' dir='ltr'><strong><em>ἀπολάβωμεν</em></strong></span> <span class='ocrx_word' id='word_1_134' title='bbox 511 1812 559 1887; x_wconf 81' lang='grc' dir='ltr'><strong><em>δι’</em></strong></span> <span class='ocrx_word' id='word_1_135' title='bbox 582 1812 714 1889; x_wconf 84' lang='grc' dir='ltr'><strong><em>αότσῦ.ι</em></strong></span> 
     </span>
     <span class='ocr_line' id='line_1_16' title="bbox 210 1908 1651 2006; baseline -0.001 -20"><span class='ocrx_word' id='word_1_136' title='bbox 210 1945 242 1997; x_wconf 81' lang='lat'><strong><em>15</em></strong></span> <span class='ocrx_word' id='word_1_137' title='bbox 335 1911 417 2004; x_wconf 78' lang='grc' dir='ltr'><strong><em>Ὅρα</em></strong></span> <span class='ocrx_word' id='word_1_138' title='bbox 444 1923 519 2000; x_wconf 82' lang='grc' dir='ltr'><strong><em>πῶς</em></strong></span> <span class='ocrx_word' id='word_1_139' title='bbox 542 1913 760 2006; x_wconf 81' lang='grc' dir='ltr'><strong><em>ιόμολόγησεν</em></strong></span> <span class='ocrx_word' id='word_1_140' title='bbox 786 1917 872 1987; x_wconf 83' lang='grc' dir='ltr'><strong><em>εἶναι</em></strong></span> <span class='ocrx_word' id='word_1_141' title='bbox 899 1923 1041 2006; x_wconf 87' lang='grc' dir='ltr'><strong><em>νηπίους</em></strong></span> <span class='ocrx_word' id='word_1_142' title='bbox 1067 1914 1148 1997; x_wconf 76' lang='grc' dir='ltr'><strong><em>τοὺς</em></strong></span> <span class='ocrx_word' id='word_1_143' title='bbox 1169 1911 1236 1986; x_wconf 85' lang='grc' dir='ltr'><strong><em>όπό</em></strong></span> <span class='ocrx_word' id='word_1_144' title='bbox 1259 1910 1370 2001; x_wconf 77' lang='grc' dir='ltr'><strong><em>φόβον</em></strong></span> <span class='ocrx_word' id='word_1_145' title='bbox 1390 1919 1446 1984; x_wconf 81' lang='grc' dir='ltr'><strong><em>καί</em></strong></span> <span class='ocrx_word' id='word_1_146' title='bbox 1467 1908 1568 2003; x_wconf 83' lang='grc' dir='ltr'><strong><em>ἀμαρ-</em></strong></span> <span class='ocrx_word' id='word_1_147' title='bbox 1584 1919 1651 1980; x_wconf 66' lang='lat'><strong>3⁴11</strong></span> 
     </span>
     <span class='ocr_line' id='line_1_17' title="bbox 262 2009 1568 2105; baseline -0.002 -18"><span class='ocrx_word' id='word_1_148' title='bbox 262 2025 349 2100; x_wconf 91' lang='grc' dir='ltr'><strong><em>τίας,</em></strong></span> <span class='ocrx_word' id='word_1_149' title='bbox 382 2017 463 2098; x_wconf 84' lang='grc' dir='ltr'><strong><em>τούς</em></strong></span> <span class='ocrx_word' id='word_1_150' title='bbox 494 2021 529 2086; x_wconf 76' lang='grc' dir='ltr'><strong><em>δὲ</em></strong></span> <span class='ocrx_word' id='word_1_151' title='bbox 558 2013 625 2087; x_wconf 82' lang='grc' dir='ltr'><strong><em>όπό</em></strong></span> <span class='ocrx_word' id='word_1_152' title='bbox 657 2014 730 2105; x_wconf 85' lang='grc' dir='ltr'><strong><em>τὴν</em></strong></span> <span class='ocrx_word' id='word_1_153' title='bbox 751 2021 866 2086; x_wconf 84' lang='grc' dir='ltr'><strong><em>πίστιν</em></strong></span> <span class='ocrx_word' id='word_1_154' title='bbox 896 2015 989 2098; x_wconf 85' lang='grc' dir='ltr'><strong><em>υίσύς</em></strong></span> <span class='ocrx_word' id='word_1_155' title='bbox 1015 2021 1132 2087; x_wconf 82' lang='grc' dir='ltr'><strong><em>καλῶν</em></strong></span> <span class='ocrx_word' id='word_1_156' title='bbox 1158 2009 1383 2104; x_wconf 85' lang='grc' dir='ltr'><strong><em>ἀπήνδρωσεν</em></strong></span> <span class='ocrx_word' id='word_1_157' title='bbox 1410 2011 1458 2098; x_wconf 86' lang='grc' dir='ltr'><strong><em>τός</em></strong></span> <span class='ocrx_word' id='word_1_158' title='bbox 1483 2012 1568 2102; x_wconf 87' lang='grc' dir='ltr'><strong><em>πρὸς</em></strong></span> 
     </span>
     <span class='ocr_line' id='line_1_18' title="bbox 261 2111 1569 2205; baseline -0.002 -17"><span class='ocrx_word' id='word_1_159' title='bbox 261 2113 523 2203; x_wconf 87' lang='grc' dir='ltr'><strong><em>ἀντιδιαστολὴν</em></strong></span> <span class='ocrx_word' id='word_1_160' title='bbox 545 2123 619 2186; x_wconf 83' lang='grc' dir='ltr'><strong><em>τῶν</em></strong></span> <span class='ocrx_word' id='word_1_161' title='bbox 641 2119 678 2186; x_wconf 84' lang='grc' dir='ltr'><strong><em>ἐν</em></strong></span> <span class='ocrx_word' id='word_1_162' title='bbox 699 2120 750 2204; x_wconf 81' lang='grc' dir='ltr'><strong><em>τῷ</em></strong></span> <span class='ocrx_word' id='word_1_163' title='bbox 775 2111 870 2204; x_wconf 93' lang='grc' dir='ltr'><strong><em>νόμῳ</em></strong></span> <span class='ocrx_word' id='word_1_164' title='bbox 893 2123 1034 2205; x_wconf 87' lang='grc' dir='ltr'><strong><em>νηπίων.</em></strong></span> <span class='ocrx_word' id='word_1_165' title='bbox 1066 2111 1198 2186; x_wconf 78' lang='grc' dir='ltr'><strong><em>»οόκέτι</em></strong></span> <span class='ocrx_word' id='word_1_166' title='bbox 1213 2111 1306 2202; x_wconf 79' lang='grc' dir='ltr'><strong><em>γάρι,</em></strong></span> <span class='ocrx_word' id='word_1_167' title='bbox 1322 2121 1413 2204; x_wconf 87' lang='grc' dir='ltr'><strong><em>φησί,</em></strong></span> <span class='ocrx_word' id='word_1_168' title='bbox 1430 2119 1569 2194; x_wconf 78' lang='grc' dir='ltr'><strong><em>»δοῦλος</em></strong></span> 
     </span>
     <span class='ocr_line' id='line_1_19' title="bbox 263 2207 1571 2334; baseline -0.001 -50"><span class='ocrx_word' id='word_1_169' title='bbox 263 2217 306 2298; x_wconf 84' lang='grc' dir='ltr'><strong><em>εί,</em></strong></span> <span class='ocrx_word' id='word_1_170' title='bbox 337 2212 424 2287; x_wconf 84' lang='grc' dir='ltr'><strong><em>ἀλλὰ</em></strong></span> <span class='ocrx_word' id='word_1_171' title='bbox 455 2211 539 2334; x_wconf 80' lang='grc' dir='ltr'><strong><em>υἱός·</em></strong></span> <span class='ocrx_word' id='word_1_172' title='bbox 571 2219 600 2284; x_wconf 88' lang='grc' dir='ltr'><strong><em>εί</em></strong></span> <span class='ocrx_word' id='word_1_173' title='bbox 627 2218 664 2284; x_wconf 78' lang='grc' dir='ltr'><strong><em>δὲ</em></strong></span> <span class='ocrx_word' id='word_1_174' title='bbox 685 2213 769 2299; x_wconf 84' lang='grc' dir='ltr'><strong><em>υἱός,</em></strong></span> <span class='ocrx_word' id='word_1_175' title='bbox 798 2221 854 2284; x_wconf 86' lang='grc' dir='ltr'><strong><em>καί</em></strong></span> <span class='ocrx_word' id='word_1_176' title='bbox 876 2210 1089 2306; x_wconf 88' lang='grc' dir='ltr'><strong><em>κληρονόμος</em></strong></span> <span class='ocrx_word' id='word_1_177' title='bbox 1112 2212 1166 2286; x_wconf 81' lang='grc' dir='ltr'><strong><em>διὰ</em></strong></span> <span class='ocrx_word' id='word_1_178' title='bbox 1188 2219 1298 2285; x_wconf 80' lang='grc' dir='ltr'><strong><em>θεοῦ.ι</em></strong></span> <span class='ocrx_word' id='word_1_179' title='bbox 1344 2223 1378 2284; x_wconf 92' lang='grc' dir='ltr'><strong><em>τί</em></strong></span> <span class='ocrx_word' id='word_1_180' title='bbox 1400 2207 1464 2285; x_wconf 84' lang='grc' dir='ltr'><strong><em>οὖν</em></strong></span> <span class='ocrx_word' id='word_1_181' title='bbox 1483 2217 1571 2284; x_wconf 83' lang='grc' dir='ltr'><strong><em>ένδεί</em></strong></span> 
     </span>
     <span class='ocr_line' id='line_1_20' title="bbox 263 2306 1602 2436; baseline -0.001 -51"><span class='ocrx_word' id='word_1_182' title='bbox 263 2343 314 2432; x_wconf 89' lang='grc' dir='ltr'><strong><em>τῳ</em></strong></span> <span class='ocrx_word' id='word_1_183' title='bbox 337 2318 400 2433; x_wconf 86' lang='grc' dir='ltr'><strong><em>υίῳ</em></strong></span> <span class='ocrx_word' id='word_1_184' title='bbox 422 2313 507 2402; x_wconf 81' lang='grc' dir='ltr'><strong><em>μετὰ</em></strong></span> <span class='ocrx_word' id='word_1_185' title='bbox 529 2313 593 2403; x_wconf 86' lang='grc' dir='ltr'><strong><em>τὴν</em></strong></span> <span class='ocrx_word' id='word_1_186' title='bbox 614 2321 861 2404; x_wconf 88' lang='grc' dir='ltr'><strong><em>κληρονομίαν,</em></strong></span> <span class='ocrx_word' id='word_1_187' title='bbox 882 2311 997 2402; x_wconf 85' lang='grc' dir='ltr'><strong><em>χάριεν</em></strong></span> <span class='ocrx_word' id='word_1_188' title='bbox 1020 2306 1199 2386; x_wconf 73' lang='grc' dir='ltr'><strong><em>τοίνυνο</em></strong></span> <span class='ocrx_word' id='word_1_189' title='bbox 1157 2341 1268 2395; x_wconf 91' lang='grc' dir='ltr'><strong><em>ουτως</em></strong></span> <span class='ocrx_word' id='word_1_190' title='bbox 1285 2309 1510 2436; x_wconf 67' lang='grc' dir='ltr'><strong><em>ἐξηγήσασθαι</em></strong></span> <span class='ocrx_word' id='word_1_191' title='bbox 1527 2313 1602 2383; x_wconf 86' lang='grc' dir='ltr'><strong><em>τό2</em></strong></span> 
     </span>
     <span class='ocr_line' id='line_1_21' title="bbox 212 2407 1567 2535; baseline -0.002 -50.916"><span class='ocrx_word' id='word_1_192' title='bbox 212 2407 344 2492; x_wconf 73' lang='lat' dir='ltr'><em>20›5ts</em></span> <span class='ocrx_word' id='word_1_193' title='bbox 356 2409 454 2514; x_wconf 37' lang='grc' dir='ltr'><strong><em>,ήμην</em></strong></span> <span class='ocrx_word' id='word_1_194' title='bbox 477 2410 627 2535; x_wconf 60' lang='lat'><em>555555«</em></span> <span class='ocrx_word' id='word_1_195' title='bbox 653 2421 833 2486; x_wconf 84' lang='grc' dir='ltr'><strong><em>τουτέστιν</em></strong></span> <span class='ocrx_word' id='word_1_196' title='bbox 855 2407 913 2485; x_wconf 84' lang='grc' dir='ltr'><strong><em>ότε</em></strong></span> <span class='ocrx_word' id='word_1_197' title='bbox 935 2409 1025 2503; x_wconf 85' lang='grc' dir='ltr'><strong><em>ἢμην</em></strong></span> <span class='ocrx_word' id='word_1_198' title='bbox 1045 2411 1201 2496; x_wconf 79' lang='grc' dir='ltr'><strong><em>Ἰουδαῖος</em></strong></span> <span class='ocrx_word' id='word_1_199' title='bbox 1224 2408 1383 2532; x_wconf 73' lang='grc' dir='ltr'><strong><em>(Εβρῳίος</em></strong></span> <span class='ocrx_word' id='word_1_200' title='bbox 1397 2411 1461 2502; x_wconf 84' lang='grc' dir='ltr'><strong><em>γάρ</em></strong></span> <span class='ocrx_word' id='word_1_201' title='bbox 1480 2411 1567 2483; x_wconf 89' lang='grc' dir='ltr'><strong><em>άνω-</em></strong></span> 
     </span>
     <span class='ocr_line' id='line_1_22' title="bbox 264 2505 1569 2634; baseline -0.002 -51"><span class='ocrx_word' id='word_1_202' title='bbox 264 2523 328 2584; x_wconf 88' lang='grc' dir='ltr'><strong><em>θεν</em></strong></span> <span class='ocrx_word' id='word_1_203' title='bbox 349 2505 415 2602; x_wconf 82' lang='lat'><em>55),</em></span> <span class='ocrx_word' id='word_1_204' title='bbox 449 2508 516 2597; x_wconf 69' lang='grc' dir='ltr'><strong><em>νοός</em></strong></span> <span class='ocrx_word' id='word_1_205' title='bbox 539 2509 661 2602; x_wconf 89' lang='grc' dir='ltr'><strong><em>νήπιος</em></strong></span> <span class='ocrx_word' id='word_1_206' title='bbox 683 2511 877 2632; x_wconf 79' lang='grc' dir='ltr'><strong><em>ἐφρόνουν,ι</em></strong></span> <span class='ocrx_word' id='word_1_207' title='bbox 907 2513 1023 2603; x_wconf 82' lang='grc' dir='ltr'><strong><em>ἐπειδὴ</em></strong></span> <span class='ocrx_word' id='word_1_208' title='bbox 1046 2510 1189 2604; x_wconf 85' lang='grc' dir='ltr'><strong><em>είπόμην</em></strong></span> <span class='ocrx_word' id='word_1_209' title='bbox 1211 2519 1262 2603; x_wconf 82' lang='grc' dir='ltr'><strong><em>τῷ</em></strong></span> <span class='ocrx_word' id='word_1_210' title='bbox 1285 2509 1439 2634; x_wconf 80' lang='grc' dir='ltr'><strong><em>νόμῳ·</em></strong></span> <span class='ocrx_word' id='word_1_211' title='bbox 1426 2517 1515 2584; x_wconf 88' lang='grc' dir='ltr'><strong><em>ἐπει</em></strong></span> <span class='ocrx_word' id='word_1_212' title='bbox 1535 2517 1569 2582; x_wconf 81' lang='grc' dir='ltr'><strong><em>δὲ</em></strong></span> 
     </span>
     <span class='ocr_line' id='line_1_23' title="bbox 264 2607 1569 2735; baseline -0.001 -52"><span class='ocrx_word' id='word_1_213' title='bbox 264 2620 386 2702; x_wconf 85' lang='grc' dir='ltr'><strong><em>γέγονα</em></strong></span> <span class='ocrx_word' id='word_1_214' title='bbox 408 2609 523 2735; x_wconf 65' lang='grc' dir='ltr'><strong><em>ἀνήρ(</em></strong></span> <span class='ocrx_word' id='word_1_215' title='bbox 555 2607 668 2684; x_wconf 86' lang='grc' dir='ltr'><strong><em>οόκέτι</em></strong></span> <span class='ocrx_word' id='word_1_216' title='bbox 696 2610 738 2682; x_wconf 84' lang='grc' dir='ltr'><strong><em>τά</em></strong></span> <span class='ocrx_word' id='word_1_217' title='bbox 760 2617 824 2683; x_wconf 86' lang='grc' dir='ltr'><strong><em>τοῦ</em></strong></span> <span class='ocrx_word' id='word_1_218' title='bbox 846 2621 982 2734; x_wconf 70' lang='grc' dir='ltr'><strong><em>νηπίοη,</em></strong></span> <span class='ocrx_word' id='word_1_219' title='bbox 1010 2619 1168 2685; x_wconf 88' lang='grc' dir='ltr'><strong><em>τουτέστι</em></strong></span> <span class='ocrx_word' id='word_1_220' title='bbox 1195 2611 1238 2684; x_wconf 83' lang='grc' dir='ltr'><strong><em>τὰ</em></strong></span> <span class='ocrx_word' id='word_1_221' title='bbox 1260 2617 1323 2731; x_wconf 75' lang='grc' dir='ltr'><strong><em>τῳῦ</em></strong></span> <span class='ocrx_word' id='word_1_222' title='bbox 1345 2611 1460 2733; x_wconf 77' lang='grc' dir='ltr'><strong><em>νόμου,</em></strong></span> <span class='ocrx_word' id='word_1_223' title='bbox 1486 2608 1569 2684; x_wconf 79' lang='grc' dir='ltr'><strong><em>ἀλλὰ</em></strong></span> 
     </span>
     <span class='ocr_line' id='line_1_24' title="bbox 264 2705 1570 2800; baseline -0.002 -15"><span class='ocrx_word' id='word_1_224' title='bbox 264 2711 307 2785; x_wconf 85' lang='grc' dir='ltr'><strong><em>τά</em></strong></span> <span class='ocrx_word' id='word_1_225' title='bbox 339 2718 402 2783; x_wconf 82' lang='grc' dir='ltr'><strong><em>τοῦ</em></strong></span> <span class='ocrx_word' id='word_1_226' title='bbox 432 2708 556 2798; x_wconf 85' lang='grc' dir='ltr'><strong><em>ἀνδρὸς</em></strong></span> <span class='ocrx_word' id='word_1_227' title='bbox 583 2719 717 2799; x_wconf 80' lang='grc' dir='ltr'><strong><em>φρονῶ,</em></strong></span> <span class='ocrx_word' id='word_1_228' title='bbox 750 2713 968 2783; x_wconf 85' lang='grc' dir='ltr'><strong><em>τουτέστι</em></strong></span> <span class='ocrx_word' id='word_1_229' title='bbox 931 2743 974 2785; x_wconf 90' lang='grc' dir='ltr'><strong><em>τα</em></strong></span> <span class='ocrx_word' id='word_1_230' title='bbox 997 2743 1060 2784; x_wconf 92' lang='grc' dir='ltr'><strong><em>του</em></strong></span> <span class='ocrx_word' id='word_1_231' title='bbox 1045 2706 1291 2800; x_wconf 83' lang='grc' dir='ltr'><strong><em>Χριστοῦ,</em></strong></span> <span class='ocrx_word' id='word_1_232' title='bbox 1274 2705 1315 2782; x_wconf 85' lang='grc' dir='ltr'><strong><em>όν</em></strong></span> <span class='ocrx_word' id='word_1_233' title='bbox 1336 2710 1446 2798; x_wconf 91' lang='grc' dir='ltr'><strong><em>μόνον</em></strong></span> <span class='ocrx_word' id='word_1_234' title='bbox 1469 2711 1570 2800; x_wconf 83' lang='grc' dir='ltr'><strong><em>ἄνδρα</em></strong></span> 
     </span>
     <span class='ocr_line' id='line_1_25' title="bbox 264 2808 1568 2903; baseline 0.001 -22"><span class='ocrx_word' id='word_1_235' title='bbox 264 2809 284 2903; x_wconf 89' lang='lat'><strong><em>5</em></strong></span> <span class='ocrx_word' id='word_1_236' title='bbox 307 2810 436 2903; x_wconf 90' lang='grc' dir='ltr'><strong><em>γραφή,</em></strong></span> <span class='ocrx_word' id='word_1_237' title='bbox 458 2813 578 2894; x_wconf 83' lang='grc' dir='ltr'><strong><em>καθοδς</em></strong></span> <span class='ocrx_word' id='word_1_238' title='bbox 603 2808 864 2901; x_wconf 83' lang='grc' dir='ltr'><strong><em>προειρήκαμεν,</em></strong></span> <span class='ocrx_word' id='word_1_239' title='bbox 886 2822 991 2896; x_wconf 74' lang='grc' dir='ltr'><strong><em>καλεῖ,</em></strong></span> <span class='ocrx_word' id='word_1_240' title='bbox 1026 2810 1239 2901; x_wconf 73' lang='grc' dir='ltr'><strong><em>εκατήργηκα</em></strong></span> <span class='ocrx_word' id='word_1_241' title='bbox 1265 2811 1309 2882; x_wconf 83' lang='grc' dir='ltr'><strong><em>τὰ</em></strong></span> <span class='ocrx_word' id='word_1_242' title='bbox 1335 2816 1398 2882; x_wconf 84' lang='grc' dir='ltr'><strong><em>τοῦ</em></strong></span> <span class='ocrx_word' id='word_1_243' title='bbox 1420 2820 1568 2902; x_wconf 83' lang='grc' dir='ltr'><strong><em>νηπίου.ι</em></strong></span> 
     </span>
     <span class='ocr_line' id='line_1_26' title="bbox 213 2907 1475 3002; baseline -0.005 -14"><span class='ocrx_word' id='word_1_244' title='bbox 213 2934 246 2989; x_wconf 81' lang='grc'><strong><em>25</em></strong></span> <span class='ocrx_word' id='word_1_245' title='bbox 265 2909 285 3002; x_wconf 88' lang='lat'><strong><em>5</em></strong></span> <span class='ocrx_word' id='word_1_246' title='bbox 307 2917 344 2983; x_wconf 81' lang='grc' dir='ltr'><strong><em>δὲ</em></strong></span> <span class='ocrx_word' id='word_1_247' title='bbox 366 2917 403 2984; x_wconf 86' lang='grc' dir='ltr'><strong><em>ἐν</em></strong></span> <span class='ocrx_word' id='word_1_248' title='bbox 425 2917 563 3002; x_wconf 82' lang='grc' dir='ltr'><strong><em>Χριστῷ</em></strong></span> <span class='ocrx_word' id='word_1_249' title='bbox 587 2907 752 3001; x_wconf 86' lang='grc' dir='ltr'><strong><em>νηπιότης</em></strong></span> <span class='ocrx_word' id='word_1_250' title='bbox 775 2919 946 2994; x_wconf 85' lang='grc' dir='ltr'><strong><em>τελείωσίς</em></strong></span> <span class='ocrx_word' id='word_1_251' title='bbox 967 2916 1074 2996; x_wconf 90' lang='grc' dir='ltr'><strong><em>ἐστιν,</em></strong></span> <span class='ocrx_word' id='word_1_252' title='bbox 1097 2909 1145 2994; x_wconf 76' lang='grc' dir='ltr'><strong><em>αίς</em></strong></span> <span class='ocrx_word' id='word_1_253' title='bbox 1166 2909 1252 3000; x_wconf 87' lang='grc' dir='ltr'><strong><em>πρός</em></strong></span> <span class='ocrx_word' id='word_1_254' title='bbox 1274 2910 1338 2982; x_wconf 88' lang='grc' dir='ltr'><strong><em>τόν</em></strong></span> <span class='ocrx_word' id='word_1_255' title='bbox 1360 2907 1475 3000; x_wconf 90' lang='grc' dir='ltr'><strong><em>νόμον.</em></strong></span> 
     </span>
     <span class='ocr_line' id='line_1_27' title="bbox 346 3007 1600 3102; baseline -0.002 -19"><span class='ocrx_word' id='word_1_256' title='bbox 346 3008 515 3083; x_wconf 81' lang='grc' dir='ltr'><strong><em>Ἐνταῦθα</em></strong></span> <span class='ocrx_word' id='word_1_257' title='bbox 530 3016 724 3100; x_wconf 88' lang='grc' dir='ltr'><strong><em>γενομένοις</em></strong></span> <span class='ocrx_word' id='word_1_258' title='bbox 739 3017 782 3099; x_wconf 82' lang='grc' dir='ltr'><strong><em>τῇ</em></strong></span> <span class='ocrx_word' id='word_1_259' title='bbox 797 3007 982 3100; x_wconf 87' lang='grc' dir='ltr'><strong><em>νηπιότητι</em></strong></span> <span class='ocrx_word' id='word_1_260' title='bbox 996 3007 1093 3101; x_wconf 81' lang='grc' dir='ltr'><strong><em>ήμῶν</em></strong></span> <span class='ocrx_word' id='word_1_261' title='bbox 1108 3017 1367 3102; x_wconf 89' lang='grc' dir='ltr'><strong><em>συνηγορητέον.</em></strong></span> <span class='ocrx_word' id='word_1_262' title='bbox 1396 3013 1446 3080; x_wconf 84' lang='grc' dir='ltr'><strong><em>έτι</em></strong></span> <span class='ocrx_word' id='word_1_263' title='bbox 1459 3019 1516 3081; x_wconf 89' lang='grc' dir='ltr'><strong><em>καὶ</em></strong></span> <span class='ocrx_word' id='word_1_264' title='bbox 1530 3007 1569 3080; x_wconf 88' lang='grc' dir='ltr'><strong><em>τό</em></strong></span> <span class='ocrx_word' id='word_1_265' title='bbox 1585 3017 1600 3070; x_wconf 83' lang='grc'>3</span> 
     </span>
     <span class='ocr_line' id='line_1_28' title="bbox 265 3106 1570 3202; baseline 0.002 -20"><span class='ocrx_word' id='word_1_266' title='bbox 265 3109 351 3199; x_wconf 87' lang='grc' dir='ltr'><strong><em>πρὸς</em></strong></span> <span class='ocrx_word' id='word_1_267' title='bbox 382 3117 446 3183; x_wconf 82' lang='grc' dir='ltr'><strong><em>τοῦ</em></strong></span> <span class='ocrx_word' id='word_1_268' title='bbox 481 3107 677 3182; x_wconf 80' lang='grc' dir='ltr'><strong><em>ἀποστόλου</em></strong></span> <span class='ocrx_word' id='word_1_269' title='bbox 710 3115 885 3200; x_wconf 81' lang='grc' dir='ltr'><strong><em>εἰρημένον</em></strong></span> <span class='ocrx_word' id='word_1_270' title='bbox 913 3113 1139 3202; x_wconf 75' lang='grc' dir='ltr'><strong><em>ἐπεξηγητέον</em></strong></span> <span class='ocrx_word' id='word_1_271' title='bbox 1175 3108 1280 3199; x_wconf 74' lang='grc' dir='ltr'><strong><em>ιγάλα</em></strong></span> <span class='ocrx_word' id='word_1_272' title='bbox 1309 3108 1393 3199; x_wconf 84' lang='grc' dir='ltr'><strong><em>όμᾶς</em></strong></span> <span class='ocrx_word' id='word_1_273' title='bbox 1423 3106 1570 3186; x_wconf 76' lang='grc' dir='ltr'><strong><em>ἐπότισα</em></strong></span> 
     </span>
     <span class='ocr_line' id='line_1_29' title="bbox 267 3203 1570 3300; baseline -0.001 -20"><span class='ocrx_word' id='word_1_274' title='bbox 267 3208 314 3292; x_wconf 82' lang='grc' dir='ltr'><strong><em>ιός</em></strong></span> <span class='ocrx_word' id='word_1_275' title='bbox 337 3217 480 3299; x_wconf 89' lang='grc' dir='ltr'><strong><em>νηπίους</em></strong></span> <span class='ocrx_word' id='word_1_276' title='bbox 501 3215 539 3280; x_wconf 86' lang='grc' dir='ltr'><strong><em>ἐν</em></strong></span> <span class='ocrx_word' id='word_1_277' title='bbox 562 3216 715 3298; x_wconf 83' lang='grc' dir='ltr'><strong><em>Χριστῷ,</em></strong></span> <span class='ocrx_word' id='word_1_278' title='bbox 748 3206 789 3282; x_wconf 86' lang='lat'><strong><em>05</em></strong></span> <span class='ocrx_word' id='word_1_279' title='bbox 810 3218 941 3300; x_wconf 80' lang='grc' dir='ltr'><strong><em>βρῶμα·</em></strong></span> <span class='ocrx_word' id='word_1_280' title='bbox 973 3203 1071 3283; x_wconf 85' lang='grc' dir='ltr'><strong><em>σόπω</em></strong></span> <span class='ocrx_word' id='word_1_281' title='bbox 1099 3208 1162 3300; x_wconf 86' lang='grc' dir='ltr'><strong><em>γάρ</em></strong></span> <span class='ocrx_word' id='word_1_282' title='bbox 1186 3209 1363 3282; x_wconf 79' lang='grc' dir='ltr'><strong><em>ἐδύνασθε·</em></strong></span> <span class='ocrx_word' id='word_1_283' title='bbox 1395 3205 1472 3280; x_wconf 85' lang='grc' dir='ltr'><strong><em>ἀλλ’</em></strong></span> <span class='ocrx_word' id='word_1_284' title='bbox 1496 3205 1570 3281; x_wconf 79' lang='grc' dir='ltr'><strong><em>οόδέ</em></strong></span> 
     </span>
     <span class='ocr_line' id='line_1_30' title="bbox 267 3301 1570 3398; baseline 0 -19"><span class='ocrx_word' id='word_1_285' title='bbox 267 3314 317 3379; x_wconf 83' lang='grc' dir='ltr'><strong><em>έτι</em></strong></span> <span class='ocrx_word' id='word_1_286' title='bbox 343 3315 406 3380; x_wconf 86' lang='grc' dir='ltr'><strong><em>νῦν</em></strong></span> <span class='ocrx_word' id='word_1_287' title='bbox 429 3307 604 3381; x_wconf 70' lang='grc' dir='ltr'><strong><em>δύνασθαι</em></strong></span> <span class='ocrx_word' id='word_1_288' title='bbox 651 3301 692 3380; x_wconf 90' lang='lat'><strong><em>05</em></strong></span> <span class='ocrx_word' id='word_1_289' title='bbox 719 3338 776 3397; x_wconf 92' lang='grc' dir='ltr'><strong><em>μοι</em></strong></span> <span class='ocrx_word' id='word_1_290' title='bbox 803 3308 865 3398; x_wconf 83' lang='grc' dir='ltr'><strong><em>γάρ</em></strong></span> <span class='ocrx_word' id='word_1_291' title='bbox 892 3314 986 3381; x_wconf 82' lang='grc' dir='ltr'><strong><em>δοκεῖ</em></strong></span> <span class='ocrx_word' id='word_1_292' title='bbox 1004 3306 1193 3392; x_wconf 77' lang='grc' dir='ltr'><strong><em>Ἰουδαϊκῶς</em></strong></span> <span class='ocrx_word' id='word_1_293' title='bbox 1220 3315 1412 3397; x_wconf 82' lang='grc' dir='ltr'><strong><em>ἐκδέχεσθαι</em></strong></span> <span class='ocrx_word' id='word_1_294' title='bbox 1439 3313 1509 3380; x_wconf 75' lang='grc' dir='ltr'><strong><em>δεῖν</em></strong></span> <span class='ocrx_word' id='word_1_295' title='bbox 1532 3308 1570 3380; x_wconf 87' lang='grc' dir='ltr'><strong><em>τό</em></strong></span> 
     </span>
     <span class='ocr_line' id='line_1_31' title="bbox 215 3403 1671 3500; baseline -0.003 -21"><span class='ocrx_word' id='word_1_296' title='bbox 215 3431 248 3484; x_wconf 84' lang='grc'><strong><em>30</em></strong></span> <span class='ocrx_word' id='word_1_297' title='bbox 267 3406 383 3498; x_wconf 80' lang='grc' dir='ltr'><strong><em>ῥητόν.</em></strong></span> <span class='ocrx_word' id='word_1_298' title='bbox 427 3403 697 3496; x_wconf 88' lang='grc' dir='ltr'><strong><em>ἀντιπαραθήσω</em></strong></span> <span class='ocrx_word' id='word_1_299' title='bbox 726 3407 788 3496; x_wconf 79' lang='grc' dir='ltr'><strong><em>γάρ</em></strong></span> <span class='ocrx_word' id='word_1_300' title='bbox 810 3405 970 3499; x_wconf 89' lang='grc' dir='ltr'><strong><em>κάκείνην</em></strong></span> <span class='ocrx_word' id='word_1_301' title='bbox 992 3409 1056 3499; x_wconf 82' lang='grc' dir='ltr'><strong><em>τὴν</em></strong></span> <span class='ocrx_word' id='word_1_302' title='bbox 1075 3418 1080 3498; x_wconf 82' lang='grc' dir='ltr'>Ι</span> <span class='ocrx_word' id='word_1_303' title='bbox 1099 3409 1233 3500; x_wconf 85' lang='grc' dir='ltr'><strong><em>γραφὴν</em></strong></span> <span class='ocrx_word' id='word_1_304' title='bbox 1259 3407 1399 3494; x_wconf 70' lang='grc' dir='ltr'><strong><em>»εἰσάξω</em></strong></span> <span class='ocrx_word' id='word_1_305' title='bbox 1420 3405 1505 3498; x_wconf 84' lang='grc' dir='ltr'><strong><em>όμάς</em></strong></span> <span class='ocrx_word' id='word_1_306' title='bbox 1527 3413 1572 3490; x_wconf 90' lang='grc' dir='ltr'><strong><em>είς</em></strong></span> <span class='ocrx_word' id='word_1_307' title='bbox 1588 3417 1671 3474; x_wconf 66' lang='grc'>1191)</span> 
     </span>
     <span class='ocr_line' id='line_1_32' title="bbox 268 3503 1653 3600; baseline 0 -22"><span class='ocrx_word' id='word_1_308' title='bbox 268 3506 332 3597; x_wconf 84' lang='grc' dir='ltr'><strong><em>τήν</em></strong></span> <span class='ocrx_word' id='word_1_309' title='bbox 348 3513 411 3596; x_wconf 90' lang='grc' dir='ltr'><strong><em>γήν</em></strong></span> <span class='ocrx_word' id='word_1_310' title='bbox 433 3506 499 3595; x_wconf 86' lang='grc' dir='ltr'><strong><em>τήν</em></strong></span> <span class='ocrx_word' id='word_1_311' title='bbox 513 3503 657 3595; x_wconf 89' lang='grc' dir='ltr'><strong><em>ἀγαθήν,</em></strong></span> <span class='ocrx_word' id='word_1_312' title='bbox 680 3507 744 3597; x_wconf 82' lang='grc' dir='ltr'><strong><em>τὴν</em></strong></span> <span class='ocrx_word' id='word_1_313' title='bbox 766 3509 909 3596; x_wconf 82' lang='grc' dir='ltr'><strong><em>ῥέουσαν</em></strong></span> <span class='ocrx_word' id='word_1_314' title='bbox 931 3507 1018 3598; x_wconf 88' lang='grc' dir='ltr'><strong><em>γάλα</em></strong></span> <span class='ocrx_word' id='word_1_315' title='bbox 1039 3519 1095 3581; x_wconf 86' lang='grc' dir='ltr'><strong><em>καὶ</em></strong></span> <span class='ocrx_word' id='word_1_316' title='bbox 1116 3515 1217 3600; x_wconf 75' lang='grc' dir='ltr'><strong><em>μέλει</em></strong></span> <span class='ocrx_word' id='word_1_317' title='bbox 1254 3506 1441 3580; x_wconf 73' lang='grc' dir='ltr'><strong><em>ἀνακύπτι</em></strong></span> <span class='ocrx_word' id='word_1_318' title='bbox 1455 3516 1573 3580; x_wconf 90' lang='grc' dir='ltr'><strong><em>τοίνυν</em></strong></span> <span class='ocrx_word' id='word_1_319' title='bbox 1588 3516 1653 3577; x_wconf 74' lang='grc'><strong><em>35,1</em></strong></span> 
     </span>
     <span class='ocr_line' id='line_1_33' title="bbox 267 3604 1573 3729; baseline 0 -50"><span class='ocrx_word' id='word_1_320' title='bbox 267 3604 392 3726; x_wconf 83' lang='grc' dir='ltr'><strong><em>ἀπορία</em></strong></span> <span class='ocrx_word' id='word_1_321' title='bbox 412 3611 550 3696; x_wconf 88' lang='grc' dir='ltr'><strong><em>μεγίστη</em></strong></span> <span class='ocrx_word' id='word_1_322' title='bbox 572 3605 659 3676; x_wconf 86' lang='grc' dir='ltr'><strong><em>κατὰ</em></strong></span> <span class='ocrx_word' id='word_1_323' title='bbox 680 3606 833 3696; x_wconf 81' lang='grc' dir='ltr'><strong><em>τὴντῶν</em></strong></span> <span class='ocrx_word' id='word_1_324' title='bbox 850 3617 993 3698; x_wconf 84' lang='grc' dir='ltr'><strong><em>γραφῶν</em></strong></span> <span class='ocrx_word' id='word_1_325' title='bbox 1014 3617 1125 3682; x_wconf 80' lang='grc' dir='ltr'><strong><em>τῶνδε</em></strong></span> <span class='ocrx_word' id='word_1_326' title='bbox 1146 3606 1326 3699; x_wconf 78' lang='grc' dir='ltr'><strong><em>συμβολήν,</em></strong></span> <span class='ocrx_word' id='word_1_327' title='bbox 1348 3614 1413 3698; x_wconf 88' lang='grc' dir='ltr'><strong><em>&lt;τί&gt;</em></strong></span> <span class='ocrx_word' id='word_1_328' title='bbox 1429 3615 1573 3729; x_wconf 63' lang='grc' dir='ltr'><strong><em>νοοήσιν.</em></strong></span> 
     </span>
     <span class='ocr_line' id='line_1_34' title="bbox 267 3702 1575 3832; baseline 0.002 -55"><span class='ocrx_word' id='word_1_329' title='bbox 267 3713 296 3777; x_wconf 89' lang='grc' dir='ltr'><strong><em>εί</em></strong></span> <span class='ocrx_word' id='word_1_330' title='bbox 317 3705 380 3794; x_wconf 86' lang='grc' dir='ltr'><strong><em>γάρ</em></strong></span> <span class='ocrx_word' id='word_1_331' title='bbox 409 3702 494 3795; x_wconf 84' lang='grc' dir='ltr'><strong><em>ἀρχή</em></strong></span> <span class='ocrx_word' id='word_1_332' title='bbox 517 3711 578 3794; x_wconf 87' lang='grc' dir='ltr'><strong><em>τῆς</em></strong></span> <span class='ocrx_word' id='word_1_333' title='bbox 606 3711 652 3788; x_wconf 90' lang='grc' dir='ltr'><strong><em>είς</em></strong></span> <span class='ocrx_word' id='word_1_334' title='bbox 675 3708 826 3795; x_wconf 87' lang='grc' dir='ltr'><strong><em>Χριστόν</em></strong></span> <span class='ocrx_word' id='word_1_335' title='bbox 848 3706 1035 3791; x_wconf 66' lang='grc' dir='ltr'><strong><em>πίστεωςί</em></strong></span> <span class='ocrx_word' id='word_1_336' title='bbox 1015 3739 1035 3798; x_wconf 91' lang='grc' dir='ltr'><strong><em>η</em></strong></span> <span class='ocrx_word' id='word_1_337' title='bbox 1060 3708 1113 3781; x_wconf 82' lang='grc' dir='ltr'><strong><em>διὰ</em></strong></span> <span class='ocrx_word' id='word_1_338' title='bbox 1136 3714 1199 3780; x_wconf 80' lang='grc' dir='ltr'><strong><em>τοῦ</em></strong></span> <span class='ocrx_word' id='word_1_339' title='bbox 1220 3706 1388 3798; x_wconf 88' lang='grc' dir='ltr'><strong><em>γάλακτος</em></strong></span> <span class='ocrx_word' id='word_1_340' title='bbox 1410 3705 1575 3832; x_wconf 76' lang='grc' dir='ltr'><strong><em>νηπιότης</em></strong></span> 
     </span>
     <span class='ocr_line' id='line_1_35' title="bbox 269 3801 1575 3928; baseline 0.001 -51"><span class='ocrx_word' id='word_1_341' title='bbox 269 3810 368 3888; x_wconf 85' lang='grc' dir='ltr'><strong><em>ἐστίν,</em></strong></span> <span class='ocrx_word' id='word_1_342' title='bbox 390 3809 628 3892; x_wconf 76' lang='grc' dir='ltr'><strong><em>ἐξευτελίζεται</em></strong></span> <span class='ocrx_word' id='word_1_343' title='bbox 651 3801 751 3876; x_wconf 77' lang='grc' dir='ltr'><strong><em>δὲο</em></strong></span> <span class='ocrx_word' id='word_1_344' title='bbox 708 3836 795 3894; x_wconf 91' lang='grc' dir='ltr'><strong><em>αυτη</em></strong></span> <span class='ocrx_word' id='word_1_345' title='bbox 818 3838 866 3889; x_wconf 91' lang='grc' dir='ltr'><strong><em>ως</em></strong></span> <span class='ocrx_word' id='word_1_346' title='bbox 888 3807 1120 3899; x_wconf 78' lang='grc' dir='ltr'><strong><em>παιδαριώδης</em></strong></span> <span class='ocrx_word' id='word_1_347' title='bbox 1141 3815 1196 3928; x_wconf 71' lang='grc' dir='ltr'><strong><em>καί</em></strong></span> <span class='ocrx_word' id='word_1_348' title='bbox 1218 3805 1350 3899; x_wconf 82' lang='grc' dir='ltr'><strong><em>ἀτελής,</em></strong></span> <span class='ocrx_word' id='word_1_349' title='bbox 1372 3815 1448 3891; x_wconf 80' lang='grc' dir='ltr'><strong><em>πῶς</em></strong></span> <span class='ocrx_word' id='word_1_350' title='bbox 1470 3805 1491 3898; x_wconf 90' lang='lat'><strong><em>5</em></strong></span> <span class='ocrx_word' id='word_1_351' title='bbox 1513 3815 1575 3881; x_wconf 84' lang='grc' dir='ltr'><strong><em>τοῦ</em></strong></span> 
     </span>
     <span class='ocr_line' id='line_1_36' title="bbox 216 3899 1575 3998; baseline -0.001 -17"><span class='ocrx_word' id='word_1_352' title='bbox 216 3929 250 3982; x_wconf 78' lang='grc'><strong><em>35</em></strong></span> <span class='ocrx_word' id='word_1_353' title='bbox 269 3913 401 3977; x_wconf 87' lang='grc' dir='ltr'><strong><em>τελείου</em></strong></span> <span class='ocrx_word' id='word_1_354' title='bbox 435 3914 491 3977; x_wconf 84' lang='grc' dir='ltr'><strong><em>καὶ</em></strong></span> <span class='ocrx_word' id='word_1_355' title='bbox 521 3911 710 3994; x_wconf 83' lang='grc' dir='ltr'><strong><em>γνωστικοῦ</em></strong></span> <span class='ocrx_word' id='word_1_356' title='bbox 743 3905 828 3994; x_wconf 82' lang='grc' dir='ltr'><strong><em>μετὰ</em></strong></span> <span class='ocrx_word' id='word_1_357' title='bbox 864 3907 929 3998; x_wconf 87' lang='grc' dir='ltr'><strong><em>τήν</em></strong></span> <span class='ocrx_word' id='word_1_358' title='bbox 959 3916 1085 3996; x_wconf 85' lang='grc' dir='ltr'><strong><em>βρωσιν</em></strong></span> <span class='ocrx_word' id='word_1_359' title='bbox 1115 3902 1305 3990; x_wconf 86' lang='grc' dir='ltr'><strong><em>ἀνάπαυσις</em></strong></span> <span class='ocrx_word' id='word_1_360' title='bbox 1335 3899 1434 3991; x_wconf 79' lang='grc' dir='ltr'><strong><em>αὖθις</em></strong></span> <span class='ocrx_word' id='word_1_361' title='bbox 1466 3917 1575 3998; x_wconf 90' lang='grc' dir='ltr'><strong><em>νηπίῳ</em></strong></span> 
     </span>
    </p>
   </div>
   <div class='ocr_carea' id='block_1_3' title="bbox 269 4144 1575 4386">
    <p class='ocr_par' dir='ltr' id='par_1_3' title="bbox 269 4144 1575 4386">
     <span class='ocr_line' id='line_1_37' title="bbox 354 4144 1575 4215; baseline 0.001 -16"><span class='ocrx_word' id='word_1_362' title='bbox 354 4146 372 4199; x_wconf 78' lang='lat'><strong>2</strong></span> <span class='ocrx_word' id='word_1_363' title='bbox 396 4145 453 4213; x_wconf 81' lang='lat' dir='ltr'><strong>vgl.</strong></span> <span class='ocrx_word' id='word_1_364' title='bbox 472 4145 553 4200; x_wconf 76' lang='lat' dir='ltr'>Plato</span> <span class='ocrx_word' id='word_1_365' title='bbox 571 4144 674 4199; x_wconf 75' lang='lat' dir='ltr'>Phaed.</span> <span class='ocrx_word' id='word_1_366' title='bbox 692 4163 717 4215; x_wconf 87' lang='lat' dir='ltr'><strong><em>p.</em></strong></span> <span class='ocrx_word' id='word_1_367' title='bbox 736 4144 809 4199; x_wconf 65' lang='lat'><em>7715</em></span> <span class='ocrx_word' id='word_1_368' title='bbox 837 4174 870 4184; x_wconf 92' lang='lat'>-</span> <span class='ocrx_word' id='word_1_369' title='bbox 899 4145 991 4201; x_wconf 68' lang='lat'><strong><em>2—14</em></strong></span> <span class='ocrx_word' id='word_1_370' title='bbox 1020 4145 1080 4198; x_wconf 78' lang='lat' dir='ltr'><strong>Gal.</strong></span> <span class='ocrx_word' id='word_1_371' title='bbox 1097 4149 1124 4210; x_wconf 80' lang='grc'><strong><em>4,</em></strong></span> <span class='ocrx_word' id='word_1_372' title='bbox 1147 4149 1213 4200; x_wconf 78' lang='grc'>1-5</span> <span class='ocrx_word' id='word_1_373' title='bbox 1240 4177 1273 4185; x_wconf 92' lang='grc'>-</span> <span class='ocrx_word' id='word_1_374' title='bbox 1301 4147 1365 4202; x_wconf 79' lang='lat' dir='ltr'><em>m</em></span> <span class='ocrx_word' id='word_1_375' title='bbox 1380 4146 1441 4202; x_wconf 79' lang='lat' dir='ltr'><strong>Gal.</strong></span> <span class='ocrx_word' id='word_1_376' title='bbox 1458 4148 1516 4211; x_wconf 75' lang='lat'><strong><em>4‚7</em></strong></span> <span class='ocrx_word' id='word_1_377' title='bbox 1543 4175 1575 4186; x_wconf 92' lang='grc'>-</span> 
     </span>
     <span class='ocr_line' id='line_1_38' title="bbox 269 4227 1575 4301; baseline 0 -18"><span class='ocrx_word' id='word_1_378' title='bbox 269 4227 1044 4300; x_wconf 62' lang='lat' dir='ltr'>20-241110r.13,11-2atvgl.111101.11,2;</span> <span class='ocrx_word' id='word_1_379' title='bbox 1068 4227 1575 4301; x_wconf 62' lang='lat' dir='ltr'>Ephes.4,13—24vgl.1³aettl</span> 
     </span>
     <span class='ocr_line' id='line_1_39' title="bbox 271 4312 1332 4386; baseline 0.003 -19"><span class='ocrx_word' id='word_1_380' title='bbox 271 4313 352 4367; x_wconf 85' lang='lat'><strong><em>18-</em></strong></span> <span class='ocrx_word' id='word_1_381' title='bbox 371 4312 487 4368; x_wconf 76' lang='lat'>27-29</span> <span class='ocrx_word' id='word_1_382' title='bbox 506 4332 531 4368; x_wconf 88' lang='grc' dir='ltr'><strong><em>υ.</em></strong></span> <span class='ocrx_word' id='word_1_383' title='bbox 551 4314 576 4367; x_wconf 90' lang='lat' dir='ltr'><strong><em>S.</em></strong></span> <span class='ocrx_word' id='word_1_384' title='bbox 597 4314 664 4382; x_wconf 89' lang='grc'>111,</span> <span class='ocrx_word' id='word_1_385' title='bbox 679 4314 750 4369; x_wconf 76' lang='grc'><strong><em>2-4</em></strong></span> <span class='ocrx_word' id='word_1_386' title='bbox 770 4315 780 4366; x_wconf 91' lang='lat' dir='ltr'>I</span> <span class='ocrx_word' id='word_1_387' title='bbox 800 4315 864 4369; x_wconf 86' lang='lat' dir='ltr'>Kor.</span> <span class='ocrx_word' id='word_1_388' title='bbox 884 4318 907 4382; x_wconf 85' lang='grc'><strong><em>3,</em></strong></span> <span class='ocrx_word' id='word_1_389' title='bbox 928 4315 961 4369; x_wconf 81' lang='grc'><strong><em>11</em></strong></span> <span class='ocrx_word' id='word_1_390' title='bbox 976 4343 1007 4354; x_wconf 92' lang='lat'>-</span> <span class='ocrx_word' id='word_1_391' title='bbox 1028 4313 1093 4370; x_wconf 82' lang='grc' dir='ltr'><strong><em>θθί</em></strong></span> <span class='ocrx_word' id='word_1_392' title='bbox 1109 4313 1195 4386; x_wconf 75' lang='grc' dir='ltr'><strong><em>Ειισδ.</em></strong></span> <span class='ocrx_word' id='word_1_393' title='bbox 1214 4317 1237 4382; x_wconf 89' lang='grc'><strong><em>3,</em></strong></span> <span class='ocrx_word' id='word_1_394' title='bbox 1257 4317 1281 4371; x_wconf 88' lang='grc'><strong><em>8.</em></strong></span> <span class='ocrx_word' id='word_1_395' title='bbox 1300 4317 1332 4370; x_wconf 77' lang='grc'>17</span> 
     </span>
    </p>
   </div>
   <div class='ocr_carea' id='block_1_4' title="bbox 271 4477 1575 4637">
    <p class='ocr_par' dir='ltr' id='par_1_4' title="bbox 271 4477 1575 4637">
     <span class='ocr_line' id='line_1_40' title="bbox 356 4477 1574 4554; baseline 0.003 -20"><span class='ocrx_word' id='word_1_396' title='bbox 356 4480 393 4534; x_wconf 77' lang='lat'><strong><em>12</em></strong></span> <span class='ocrx_word' id='word_1_397' title='bbox 412 4479 570 4551; x_wconf 85' lang='grc' dir='ltr'><strong><em>γενόμενον</em></strong></span> <span class='ocrx_word' id='word_1_398' title='bbox 588 4481 654 4534; x_wconf 68' lang='lat'><em>5⁹⁶5</em></span> <span class='ocrx_word' id='word_1_399' title='bbox 672 4477 855 4551; x_wconf 84' lang='grc' dir='ltr'><strong><em>γεννώμενον</em></strong></span> <span class='ocrx_word' id='word_1_400' title='bbox 872 4482 926 4550; x_wconf 68' lang='lat'><strong><em>5³}</em></strong></span> <span class='ocrx_word' id='word_1_401' title='bbox 943 4482 981 4538; x_wconf 79' lang='lat'><strong><em>15</em></strong></span> <span class='ocrx_word' id='word_1_402' title='bbox 999 4483 1116 4550; x_wconf 87' lang='grc' dir='ltr'><strong><em>νηπίους</em></strong></span> <span class='ocrx_word' id='word_1_403' title='bbox 1134 4484 1176 4550; x_wconf 76' lang='grc' dir='ltr'><strong><em>(ττι</em></strong></span> <span class='ocrx_word' id='word_1_404' title='bbox 1193 4483 1222 4536; x_wconf 85' lang='lat' dir='ltr'><strong><em>in</em></strong></span> <span class='ocrx_word' id='word_1_405' title='bbox 1240 4483 1442 4551; x_wconf 72' lang='lat' dir='ltr'><em>Ras.)5¹125</em></span> <span class='ocrx_word' id='word_1_406' title='bbox 1459 4499 1574 4554; x_wconf 86' lang='grc' dir='ltr'><strong><em>συνηγο·</em></strong></span> 
     </span>
     <span class='ocr_line' id='line_1_41' title="bbox 271 4558 1575 4637; baseline 0.002 -19"><span class='ocrx_word' id='word_1_407' title='bbox 271 4561 371 4633; x_wconf 85' lang='grc' dir='ltr'><strong><em>ρητέον</em></strong></span> <span class='ocrx_word' id='word_1_408' title='bbox 390 4558 443 4620; x_wconf 81' lang='grc' dir='ltr'><strong><em>έτι·</em></strong></span> <span class='ocrx_word' id='word_1_409' title='bbox 461 4561 509 4620; x_wconf 86' lang='grc' dir='ltr'><strong><em>καί</em></strong></span> <span class='ocrx_word' id='word_1_410' title='bbox 522 4565 572 4618; x_wconf 84' lang='lat' dir='ltr'><strong><em>FM</em></strong></span> <span class='ocrx_word' id='word_1_411' title='bbox 588 4567 593 4632; x_wconf 90' lang='grc' dir='ltr'>Ι</span> <span class='ocrx_word' id='word_1_412' title='bbox 609 4566 649 4621; x_wconf 76' lang='grc' dir='ltr'><strong><em>θθ</em></strong></span> <span class='ocrx_word' id='word_1_413' title='bbox 667 4564 787 4636; x_wconf 71' lang='grc' dir='ltr'><strong><em>ῥητδνἘ</em></strong></span> <span class='ocrx_word' id='word_1_414' title='bbox 805 4565 890 4636; x_wconf 84' lang='grc' dir='ltr'><strong><em>λέγον</em></strong></span> <span class='ocrx_word' id='word_1_415' title='bbox 903 4567 931 4619; x_wconf 85' lang='grc' dir='ltr'><strong>Μ</strong></span> <span class='ocrx_word' id='word_1_416' title='bbox 946 4567 950 4634; x_wconf 88' lang='grc' dir='ltr'>Ι</span> <span class='ocrx_word' id='word_1_417' title='bbox 966 4568 1005 4622; x_wconf 74' lang='lat'><strong><em>82</em></strong></span> <span class='ocrx_word' id='word_1_418' title='bbox 1025 4567 1077 4635; x_wconf 54' lang='grc' dir='ltr'><strong><em>(τί)</em></strong></span> <span class='ocrx_word' id='word_1_419' title='bbox 1092 4565 1139 4620; x_wconf 90' lang='lat' dir='ltr'><strong><em>Wi</em></strong></span> <span class='ocrx_word' id='word_1_420' title='bbox 1154 4570 1157 4635; x_wconf 70' lang='grc' dir='ltr'><strong><em>ί</em></strong></span> <span class='ocrx_word' id='word_1_421' title='bbox 1174 4575 1291 4622; x_wconf 84' lang='grc' dir='ltr'><strong><em>νοοῦσιν</em></strong></span> <span class='ocrx_word' id='word_1_422' title='bbox 1310 4566 1356 4637; x_wconf 82' lang='grc' dir='ltr'><strong><em>(τό</em></strong></span> <span class='ocrx_word' id='word_1_423' title='bbox 1369 4569 1485 4636; x_wconf 80' lang='grc' dir='ltr'><strong><em>νήπιον)</em></strong></span> <span class='ocrx_word' id='word_1_424' title='bbox 1498 4567 1575 4624; x_wconf 77' lang='lat' dir='ltr'><strong>Schw</strong></span> 
     </span>
    </p>
   </div>
   <div class='ocr_carea' id='block_1_5' title="bbox 0 0 1775 5498">
    <p class='ocr_par' dir='ltr' id='par_1_5' title="bbox 0 0 1775 5498">
     <span class='ocr_line' id='line_1_42' title="bbox 0 0 1775 5498; baseline 0 0"><span class='ocrx_word' id='word_1_425' title='bbox 0 0 1775 5498; x_wconf 95' lang='lat' dir='ltr'><strong><em> </em></strong></span> 
     </span>
    </p>
   </div>
  </div>
 </body>
</html>
