<?xml version="1.0" encoding="UTF-8"?>
<!DOCTYPE html PUBLIC "-//W3C//DTD XHTML 1.0 Transitional//EN"
    "http://www.w3.org/TR/xhtml1/DTD/xhtml1-transitional.dtd">
<html xmlns="http://www.w3.org/1999/xhtml" xml:lang="en" lang="en">
 <head>
  <title>
</title>
<meta http-equiv="Content-Type" content="text/html;charset=utf-8" />
  <meta name='ocr-system' content='tesseract 3.04.00' />
  <meta name='ocr-capabilities' content='ocr_page ocr_carea ocr_par ocr_line ocrx_word'/>
</head>
<body>
  <div class='ocr_page' id='page_1' title='image "./diegriechischen04unkngoog/diegriechischen04unkngoog_0139.png"; bbox 0 0 3520 5498; ppageno 0'>
   <div class='ocr_carea' id='block_1_1' title="bbox 526 509 1456 581">
    <p class='ocr_par' dir='ltr' id='par_1_1' title="bbox 526 509 1456 581">
     <span class='ocr_line' id='line_1_1' title="bbox 526 509 1456 581; baseline 0.017 -18"><span class='ocrx_word' id='word_1_1' title='bbox 526 510 713 581; x_wconf 75' lang='lat' dir='ltr'>Protreptieue</span> <span class='ocrx_word' id='word_1_2' title='bbox 731 510 795 581; x_wconf 74' lang='lat' dir='ltr'><strong><em>Gap.</em></strong></span> <span class='ocrx_word' id='word_1_3' title='bbox 813 509 873 565; x_wconf 82' lang='lat' dir='ltr'><strong>VII.</strong></span> <span class='ocrx_word' id='word_1_4' title='bbox 893 511 933 573; x_wconf 78' lang='grc'><strong><em>74,</em></strong></span> <span class='ocrx_word' id='word_1_5' title='bbox 952 511 1042 574; x_wconf 82' lang='grc'>1-75,</span> <span class='ocrx_word' id='word_1_6' title='bbox 1060 514 1085 565; x_wconf 85' lang='grc'><strong><em>4.</em></strong></span> <span class='ocrx_word' id='word_1_7' title='bbox 1418 521 1456 580; x_wconf 80' lang='grc'><strong><em>57</em></strong></span> 
     </span>
    </p>
   </div>
   <div class='ocr_carea' id='block_1_2' title="bbox 148 667 1492 763">
    <p class='ocr_par' dir='ltr' id='par_1_2' title="bbox 148 667 1492 763">
     <span class='ocr_line' id='line_1_2' title="bbox 148 667 1492 763; baseline 0.001 -22"><span class='ocrx_word' id='word_1_8' title='bbox 148 667 340 742; x_wconf 86' lang='grc' dir='ltr'><strong><em>ἀθάνατον.</em></strong></span> <span class='ocrx_word' id='word_1_9' title='bbox 384 673 455 742; x_wconf 90' lang='grc' dir='ltr'><strong><em>είτα</em></strong></span> <span class='ocrx_word' id='word_1_10' title='bbox 476 667 606 759; x_wconf 84' lang='grc' dir='ltr'><strong><em>όαοβάς</em></strong></span> <span class='ocrx_word' id='word_1_11' title='bbox 628 670 812 763; x_wconf 70' lang='grc' dir='ltr'><em>διαρρήδην</em></span> <span class='ocrx_word' id='word_1_12' title='bbox 832 677 1018 761; x_wconf 71' lang='grc' dir='ltr'><strong><em>ἐπιφέρει]</em></strong></span> <span class='ocrx_word' id='word_1_13' title='bbox 1475 689 1492 742; x_wconf 81' lang='lat'>5</span> 
     </span>
    </p>
   </div>
   <div class='ocr_carea' id='block_1_3' title="bbox 320 800 1543 1096">
    <p class='ocr_par' dir='ltr' id='par_1_3' title="bbox 320 800 1543 1096">
     <span class='ocr_line' id='line_1_3' title="bbox 320 800 1543 896; baseline -0.001 -20"><span class='ocrx_word' id='word_1_14' title='bbox 320 803 367 887; x_wconf 89' lang='grc' dir='ltr'><strong><em>είς</em></strong></span> <span class='ocrx_word' id='word_1_15' title='bbox 389 800 464 889; x_wconf 80' lang='grc' dir='ltr'><strong><em>ἔστ’,</em></strong></span> <span class='ocrx_word' id='word_1_16' title='bbox 488 801 681 896; x_wconf 83' lang='grc' dir='ltr'><strong><em>αότογενὴς,</em></strong></span> <span class='ocrx_word' id='word_1_17' title='bbox 705 805 781 890; x_wconf 74' lang='grc' dir='ltr'><strong><em>ἑνός</em></strong></span> <span class='ocrx_word' id='word_1_18' title='bbox 802 807 925 894; x_wconf 77' lang='grc' dir='ltr'><em>ἔκγονα</em></span> <span class='ocrx_word' id='word_1_19' title='bbox 947 802 1061 878; x_wconf 89' lang='grc' dir='ltr'><strong><em>πάντα</em></strong></span> <span class='ocrx_word' id='word_1_20' title='bbox 1084 813 1254 878; x_wconf 83' lang='grc' dir='ltr'><strong><em>τέτυκται·</em></strong></span> <span class='ocrx_word' id='word_1_21' title='bbox 1475 821 1543 878; x_wconf 84' lang='grc' dir='ltr'><strong><em>64Ρ</em></strong></span> 
     </span>
     <span class='ocr_line' id='line_1_4' title="bbox 321 900 1238 995; baseline 0.004 -22"><span class='ocrx_word' id='word_1_22' title='bbox 321 908 358 975; x_wconf 85' lang='grc' dir='ltr'><strong><em>έν</em></strong></span> <span class='ocrx_word' id='word_1_23' title='bbox 380 900 414 975; x_wconf 80' lang='grc' dir='ltr'><strong><em>δ’</em></strong></span> <span class='ocrx_word' id='word_1_24' title='bbox 437 902 555 990; x_wconf 77' lang='grc' dir='ltr'><strong><em>αὐτοῖς</em></strong></span> <span class='ocrx_word' id='word_1_25' title='bbox 577 902 681 990; x_wconf 85' lang='grc' dir='ltr'><strong><em>αάτός</em></strong></span> <span class='ocrx_word' id='word_1_26' title='bbox 702 913 938 995; x_wconf 79' lang='grc' dir='ltr'><strong><em>περινίσσεται,</em></strong></span> <span class='ocrx_word' id='word_1_27' title='bbox 957 902 1037 977; x_wconf 82' lang='grc' dir='ltr'><strong><em>οόδέ</em></strong></span> <span class='ocrx_word' id='word_1_28' title='bbox 1057 936 1109 988; x_wconf 91' lang='grc' dir='ltr'><strong><em>τις</em></strong></span> <span class='ocrx_word' id='word_1_29' title='bbox 1132 902 1238 977; x_wconf 77' lang='grc' dir='ltr'><strong><em>αὐτόν</em></strong></span> 
     </span>
     <span class='ocr_line' id='line_1_5' title="bbox 321 1001 1182 1096; baseline -0.001 -20"><span class='ocrx_word' id='word_1_30' title='bbox 321 1001 458 1096; x_wconf 85' lang='grc' dir='ltr'><strong><em>είσοράᾳ</em></strong></span> <span class='ocrx_word' id='word_1_31' title='bbox 480 1013 632 1094; x_wconf 83' lang='grc' dir='ltr'><strong><em>θνητῶν,</em></strong></span> <span class='ocrx_word' id='word_1_32' title='bbox 657 1003 760 1089; x_wconf 76' lang='grc' dir='ltr'><strong><em>αὐτὸς</em></strong></span> <span class='ocrx_word' id='word_1_33' title='bbox 782 1012 820 1076; x_wconf 85' lang='grc' dir='ltr'><strong><em>δέ</em></strong></span> <span class='ocrx_word' id='word_1_34' title='bbox 839 1035 875 1094; x_wconf 93' lang='grc' dir='ltr'><strong><em>γε</em></strong></span> <span class='ocrx_word' id='word_1_35' title='bbox 898 1002 1030 1088; x_wconf 84' lang='grc' dir='ltr'><strong><em>πάντας</em></strong></span> <span class='ocrx_word' id='word_1_36' title='bbox 1052 1001 1182 1096; x_wconf 84' lang='grc' dir='ltr'><strong><em>όρᾶται.</em></strong></span> 
     </span>
    </p>
   </div>
   <div class='ocr_carea' id='block_1_4' title="bbox 111 1131 1356 1230">
    <p class='ocr_par' dir='ltr' id='par_1_4' title="bbox 111 1131 1356 1230">
     <span class='ocr_line' id='line_1_6' title="bbox 111 1131 1356 1230; baseline -0.001 -19"><span class='ocrx_word' id='word_1_37' title='bbox 111 1160 128 1211; x_wconf 83' lang='lat'>5</span> <span class='ocrx_word' id='word_1_38' title='bbox 148 1131 264 1220; x_wconf 73' lang='grc' dir='ltr'><strong><em>οὕτως</em></strong></span> <span class='ocrx_word' id='word_1_39' title='bbox 284 1145 346 1228; x_wconf 83' lang='grc' dir='ltr'><strong><em>μὲν</em></strong></span> <span class='ocrx_word' id='word_1_40' title='bbox 367 1137 408 1228; x_wconf 78' lang='grc' dir='ltr'><strong><em>δὴ</em></strong></span> <span class='ocrx_word' id='word_1_41' title='bbox 429 1133 578 1227; x_wconf 82' lang='grc' dir='ltr'><strong><em>Ὀρφεύς·</em></strong></span> <span class='ocrx_word' id='word_1_42' title='bbox 621 1137 734 1230; x_wconf 82' lang='grc' dir='ltr'><strong><em>χρόνῳ</em></strong></span> <span class='ocrx_word' id='word_1_43' title='bbox 756 1146 794 1227; x_wconf 86' lang='grc' dir='ltr'><strong><em>γε’</em></strong></span> <span class='ocrx_word' id='word_1_44' title='bbox 813 1168 900 1211; x_wconf 90' lang='grc' dir='ltr'><strong><em>ποτε</em></strong></span> <span class='ocrx_word' id='word_1_45' title='bbox 922 1145 1065 1229; x_wconf 83' lang='grc' dir='ltr'><strong><em>συνῆκεν</em></strong></span> <span class='ocrx_word' id='word_1_46' title='bbox 1087 1145 1356 1229; x_wconf 80' lang='grc' dir='ltr'><strong><em>πεπλανημένος.</em></strong></span> 
     </span>
    </p>
   </div>
   <div class='ocr_carea' id='block_1_5' title="bbox 319 1267 1492 1461">
    <p class='ocr_par' dir='ltr' id='par_1_5' title="bbox 319 1267 1492 1461">
     <span class='ocr_line' id='line_1_7' title="bbox 319 1267 1492 1363; baseline -0.003 -21"><span class='ocrx_word' id='word_1_47' title='bbox 319 1267 407 1344; x_wconf 84' lang='grc' dir='ltr'><strong><em>ἀλλὰ</em></strong></span> <span class='ocrx_word' id='word_1_48' title='bbox 429 1271 469 1343; x_wconf 84' lang='grc' dir='ltr'><strong><em>σό</em></strong></span> <span class='ocrx_word' id='word_1_49' title='bbox 490 1271 535 1362; x_wconf 81' lang='grc' dir='ltr'><strong><em>μὴ</em></strong></span> <span class='ocrx_word' id='word_1_50' title='bbox 557 1279 702 1362; x_wconf 84' lang='grc' dir='ltr'><strong><em>μέλλων,</em></strong></span> <span class='ocrx_word' id='word_1_51' title='bbox 725 1279 826 1362; x_wconf 83' lang='grc' dir='ltr'><strong><em>βροτὲ</em></strong></span> <span class='ocrx_word' id='word_1_52' title='bbox 847 1269 1075 1363; x_wconf 86' lang='grc' dir='ltr'><strong><em>ποικιλόμητι,</em></strong></span> <span class='ocrx_word' id='word_1_53' title='bbox 1096 1271 1248 1360; x_wconf 78' lang='grc' dir='ltr'><strong><em>βράδυνε,</em></strong></span> <span class='ocrx_word' id='word_1_54' title='bbox 1476 1285 1492 1339; x_wconf 89' lang='grc'>6</span> 
     </span>
     <span class='ocr_line' id='line_1_8' title="bbox 319 1369 1173 1461; baseline 0 -18"><span class='ocrx_word' id='word_1_55' title='bbox 319 1369 407 1444; x_wconf 84' lang='grc' dir='ltr'><strong><em>ἀλλὰ</em></strong></span> <span class='ocrx_word' id='word_1_56' title='bbox 427 1381 709 1460; x_wconf 89' lang='grc' dir='ltr'><strong><em>παλίμπλαγκτος</em></strong></span> <span class='ocrx_word' id='word_1_57' title='bbox 732 1380 878 1461; x_wconf 82' lang='grc' dir='ltr'><strong><em>στρέψας</em></strong></span> <span class='ocrx_word' id='word_1_58' title='bbox 901 1370 986 1444; x_wconf 89' lang='grc' dir='ltr'><strong><em>θεόν</em></strong></span> <span class='ocrx_word' id='word_1_59' title='bbox 1009 1369 1173 1444; x_wconf 90' lang='grc' dir='ltr'><strong><em>ίλάσκοιο.</em></strong></span> 
     </span>
    </p>
   </div>
   <div class='ocr_carea' id='block_1_6' title="bbox 95 1519 1542 2410">
    <p class='ocr_par' dir='ltr' id='par_1_6' title="bbox 140 1519 1492 1713">
     <span class='ocr_line' id='line_1_9' title="bbox 148 1519 1492 1613; baseline 0.002 -26"><span class='ocrx_word' id='word_1_60' title='bbox 148 1525 179 1587; x_wconf 88' lang='grc' dir='ltr'><strong><em>εί</em></strong></span> <span class='ocrx_word' id='word_1_61' title='bbox 201 1519 264 1608; x_wconf 84' lang='grc' dir='ltr'><strong><em>γὰρ</em></strong></span> <span class='ocrx_word' id='word_1_62' title='bbox 284 1525 340 1592; x_wconf 85' lang='grc' dir='ltr'><strong><em>καὶ</em></strong></span> <span class='ocrx_word' id='word_1_63' title='bbox 363 1520 406 1592; x_wconf 85' lang='grc' dir='ltr'><strong><em>τά</em></strong></span> <span class='ocrx_word' id='word_1_64' title='bbox 427 1519 573 1612; x_wconf 85' lang='grc' dir='ltr'><strong><em>μάλιστα</em></strong></span> <span class='ocrx_word' id='word_1_65' title='bbox 595 1521 785 1608; x_wconf 85' lang='grc' dir='ltr'><strong><em>ἐναύσματά</em></strong></span> <span class='ocrx_word' id='word_1_66' title='bbox 807 1551 885 1594; x_wconf 88' lang='grc' dir='ltr'><strong><em>τινα</em></strong></span> <span class='ocrx_word' id='word_1_67' title='bbox 908 1529 970 1594; x_wconf 86' lang='grc' dir='ltr'><strong><em>τοῦ</em></strong></span> <span class='ocrx_word' id='word_1_68' title='bbox 985 1519 1090 1613; x_wconf 88' lang='grc' dir='ltr'><strong><em>λόγου</em></strong></span> <span class='ocrx_word' id='word_1_69' title='bbox 1105 1527 1168 1595; x_wconf 85' lang='grc' dir='ltr'><strong><em>τοῦ</em></strong></span> <span class='ocrx_word' id='word_1_70' title='bbox 1182 1530 1281 1594; x_wconf 92' lang='grc' dir='ltr'><strong><em>θείου</em></strong></span> <span class='ocrx_word' id='word_1_71' title='bbox 1295 1521 1460 1608; x_wconf 85' lang='grc' dir='ltr'><strong><em>λαβόντες</em></strong></span> <span class='ocrx_word' id='word_1_72' title='bbox 1477 1536 1492 1588; x_wconf 86' lang='grc'>7</span> 
     </span>
     <span class='ocr_line' id='line_1_10' title="bbox 140 1613 1460 1713; baseline 0.005 -26"><span class='ocrx_word' id='word_1_73' title='bbox 140 1613 304 1708; x_wconf 82' lang='grc' dir='ltr'><strong><em>Ἕλληνες</em></strong></span> <span class='ocrx_word' id='word_1_74' title='bbox 326 1615 423 1709; x_wconf 89' lang='grc' dir='ltr'><strong><em>όλίγα</em></strong></span> <span class='ocrx_word' id='word_1_75' title='bbox 445 1621 534 1695; x_wconf 86' lang='grc' dir='ltr'><strong><em>άττα</em></strong></span> <span class='ocrx_word' id='word_1_76' title='bbox 557 1629 618 1712; x_wconf 82' lang='grc' dir='ltr'><strong><em>τῆς</em></strong></span> <span class='ocrx_word' id='word_1_77' title='bbox 640 1619 803 1713; x_wconf 75' lang='grc' dir='ltr'><strong><em>ἀληθείας</em></strong></span> <span class='ocrx_word' id='word_1_78' title='bbox 826 1626 1049 1712; x_wconf 74' lang='grc' dir='ltr'><strong><em>ἐφθέγξαντο,</em></strong></span> <span class='ocrx_word' id='word_1_79' title='bbox 1081 1629 1378 1712; x_wconf 86' lang='grc' dir='ltr'><strong><em>προσμαρτυροῦσι</em></strong></span> <span class='ocrx_word' id='word_1_80' title='bbox 1399 1629 1460 1712; x_wconf 79' lang='grc' dir='ltr'><strong><em>μὲν</em></strong></span> 
     </span>
    </p>

    <p class='ocr_par' dir='ltr' id='par_1_7' title="bbox 95 1715 1542 2209">
     <span class='ocr_line' id='line_1_11' title="bbox 95 1715 1461 1812; baseline 0 -20"><span class='ocrx_word' id='word_1_81' title='bbox 95 1740 130 1794; x_wconf 88' lang='grc'><strong><em>10</em></strong></span> <span class='ocrx_word' id='word_1_82' title='bbox 150 1717 218 1807; x_wconf 82' lang='grc' dir='ltr'><strong><em>τὴν</em></strong></span> <span class='ocrx_word' id='word_1_83' title='bbox 239 1715 382 1809; x_wconf 77' lang='grc' dir='ltr'><strong><em>δύναμιν</em></strong></span> <span class='ocrx_word' id='word_1_84' title='bbox 404 1718 507 1812; x_wconf 73' lang='grc' dir='ltr'><strong><em>αὐτῆς</em></strong></span> <span class='ocrx_word' id='word_1_85' title='bbox 530 1720 592 1794; x_wconf 84' lang='grc' dir='ltr'><strong><em>οόκ</em></strong></span> <span class='ocrx_word' id='word_1_86' title='bbox 614 1719 926 1812; x_wconf 85' lang='grc' dir='ltr'><strong><em>ἀποκεκρυμμένην,</em></strong></span> <span class='ocrx_word' id='word_1_87' title='bbox 957 1728 1045 1810; x_wconf 85' lang='grc' dir='ltr'><strong><em>σφᾶς</em></strong></span> <span class='ocrx_word' id='word_1_88' title='bbox 1067 1729 1102 1794; x_wconf 83' lang='grc' dir='ltr'><strong><em>δὲ</em></strong></span> <span class='ocrx_word' id='word_1_89' title='bbox 1125 1719 1249 1805; x_wconf 80' lang='grc' dir='ltr'><strong><em>αὐτοὺς</em></strong></span> <span class='ocrx_word' id='word_1_90' title='bbox 1271 1725 1461 1811; x_wconf 77' lang='grc' dir='ltr'><strong><em>ἐλέγχουσιν</em></strong></span> 
     </span>
     <span class='ocr_line' id='line_1_12' title="bbox 149 1813 1542 1912; baseline 0.001 -24"><span class='ocrx_word' id='word_1_91' title='bbox 149 1813 316 1904; x_wconf 82' lang='grc' dir='ltr'><strong><em>ἀσθενεῖς,</em></strong></span> <span class='ocrx_word' id='word_1_92' title='bbox 340 1816 401 1892; x_wconf 86' lang='grc' dir='ltr'><strong><em>οόκ</em></strong></span> <span class='ocrx_word' id='word_1_93' title='bbox 423 1818 618 1911; x_wconf 91' lang='grc' dir='ltr'><strong><em>ἐφικόμενοι</em></strong></span> <span class='ocrx_word' id='word_1_94' title='bbox 642 1829 704 1894; x_wconf 84' lang='grc' dir='ltr'><strong><em>τοῦ</em></strong></span> <span class='ocrx_word' id='word_1_95' title='bbox 726 1828 852 1904; x_wconf 81' lang='grc' dir='ltr'><strong><em>τέλους.</em></strong></span> <span class='ocrx_word' id='word_1_96' title='bbox 888 1817 952 1909; x_wconf 79' lang='grc' dir='ltr'><strong><em>ἤδη</em></strong></span> <span class='ocrx_word' id='word_1_97' title='bbox 978 1819 1040 1912; x_wconf 84' lang='grc' dir='ltr'><strong><em>γάρ</em></strong></span> <span class='ocrx_word' id='word_1_98' title='bbox 1056 1823 1147 1910; x_wconf 91' lang='grc' dir='ltr'><strong><em>οίμαι</em></strong></span> <span class='ocrx_word' id='word_1_99' title='bbox 1161 1829 1267 1892; x_wconf 88' lang='grc' dir='ltr'><strong><em>παντί</em></strong></span> <span class='ocrx_word' id='word_1_100' title='bbox 1286 1850 1336 1910; x_wconf 93' lang='grc' dir='ltr'><strong><em>τῳ</em></strong></span> <span class='ocrx_word' id='word_1_101' title='bbox 1353 1825 1460 1910; x_wconf 84' lang='grc' dir='ltr'><strong><em>δῆλον</em></strong></span> <span class='ocrx_word' id='word_1_102' title='bbox 1478 1839 1542 1902; x_wconf 77' lang='grc'>75,1</span> 
     </span>
     <span class='ocr_line' id='line_1_13' title="bbox 149 1915 1460 2012; baseline 0.002 -24"><span class='ocrx_word' id='word_1_103' title='bbox 149 1924 323 2006; x_wconf 90' lang='grc' dir='ltr'><strong><em>γεγονέναι</em></strong></span> <span class='ocrx_word' id='word_1_104' title='bbox 355 1917 403 2002; x_wconf 74' lang='grc' dir='ltr'><strong><em>τός</em></strong></span> <span class='ocrx_word' id='word_1_105' title='bbox 425 1927 499 1992; x_wconf 82' lang='grc' dir='ltr'><strong><em>τῶν</em></strong></span> <span class='ocrx_word' id='word_1_106' title='bbox 519 1927 623 2010; x_wconf 85' lang='grc' dir='ltr'><strong><em>χωρίς</em></strong></span> <span class='ocrx_word' id='word_1_107' title='bbox 645 1929 708 1994; x_wconf 83' lang='grc' dir='ltr'><strong><em>τοῦ</em></strong></span> <span class='ocrx_word' id='word_1_108' title='bbox 730 1919 834 2010; x_wconf 88' lang='grc' dir='ltr'><strong><em>λόγου</em></strong></span> <span class='ocrx_word' id='word_1_109' title='bbox 856 1926 916 2010; x_wconf 84' lang='grc' dir='ltr'><strong><em>τῆς</em></strong></span> <span class='ocrx_word' id='word_1_110' title='bbox 939 1915 1099 2010; x_wconf 73' lang='grc' dir='ltr'><strong><em>ἀληθείας</em></strong></span> <span class='ocrx_word' id='word_1_111' title='bbox 1125 1919 1361 2012; x_wconf 78' lang='grc' dir='ltr'><strong><em>ἐνεργούντων</em></strong></span> <span class='ocrx_word' id='word_1_112' title='bbox 1382 1948 1417 1991; x_wconf 94' lang='grc' dir='ltr'><strong><em>τι</em></strong></span> <span class='ocrx_word' id='word_1_113' title='bbox 1438 1915 1460 2008; x_wconf 80' lang='grc' dir='ltr'><em>ἢ</em></span> 
     </span>
     <span class='ocr_line' id='line_1_14' title="bbox 148 2015 1459 2109; baseline 0.004 -23"><span class='ocrx_word' id='word_1_114' title='bbox 148 2025 208 2087; x_wconf 84' lang='grc' dir='ltr'><strong><em>καὶ</em></strong></span> <span class='ocrx_word' id='word_1_115' title='bbox 240 2027 487 2109; x_wconf 84' lang='grc' dir='ltr'><strong><em>φθεγγομένων</em></strong></span> <span class='ocrx_word' id='word_1_116' title='bbox 517 2016 648 2108; x_wconf 92' lang='grc' dir='ltr'><strong><em>όμοίων</em></strong></span> <span class='ocrx_word' id='word_1_117' title='bbox 679 2015 795 2093; x_wconf 89' lang='grc' dir='ltr'><strong><em>όντων</em></strong></span> <span class='ocrx_word' id='word_1_118' title='bbox 818 2038 890 2102; x_wconf 81' lang='grc' dir='ltr'><strong><em>τοῖς</em></strong></span> <span class='ocrx_word' id='word_1_119' title='bbox 909 2029 1014 2108; x_wconf 87' lang='grc' dir='ltr'><strong><em>χωρίς</em></strong></span> <span class='ocrx_word' id='word_1_120' title='bbox 1035 2019 1164 2105; x_wconf 87' lang='grc' dir='ltr'><strong><em>βάσεως</em></strong></span> <span class='ocrx_word' id='word_1_121' title='bbox 1184 2028 1330 2107; x_wconf 79' lang='grc' dir='ltr'><strong><em>βαδίζειν</em></strong></span> <span class='ocrx_word' id='word_1_122' title='bbox 1350 2025 1459 2106; x_wconf 81' lang='grc' dir='ltr'><strong><em>βιαζο-</em></strong></span> 
     </span>
     <span class='ocr_line' id='line_1_15' title="bbox 149 2119 1459 2209; baseline 0.003 -22"><span class='ocrx_word' id='word_1_123' title='bbox 149 2123 274 2206; x_wconf 84' lang='grc' dir='ltr'><strong><em>μένοις.</em></strong></span> <span class='ocrx_word' id='word_1_124' title='bbox 318 2119 577 2192; x_wconf 82' lang='grc' dir='ltr'><strong><em>δυσωπούντων</em></strong></span> <span class='ocrx_word' id='word_1_125' title='bbox 608 2125 645 2193; x_wconf 87' lang='grc' dir='ltr'><strong><em>δέ</em></strong></span> <span class='ocrx_word' id='word_1_126' title='bbox 674 2144 709 2191; x_wconf 93' lang='grc' dir='ltr'><strong><em>σε</em></strong></span> <span class='ocrx_word' id='word_1_127' title='bbox 740 2125 786 2203; x_wconf 86' lang='grc' dir='ltr'><strong><em>είς</em></strong></span> <span class='ocrx_word' id='word_1_128' title='bbox 816 2128 991 2209; x_wconf 89' lang='grc' dir='ltr'><strong><em>σωτηρίαν</em></strong></span> <span class='ocrx_word' id='word_1_129' title='bbox 1021 2127 1076 2191; x_wconf 86' lang='grc' dir='ltr'><strong><em>καί</em></strong></span> <span class='ocrx_word' id='word_1_130' title='bbox 1100 2124 1131 2192; x_wconf 90' lang='grc' dir='ltr'><strong><em>οί</em></strong></span> <span class='ocrx_word' id='word_1_131' title='bbox 1153 2127 1230 2209; x_wconf 82' lang='grc' dir='ltr'><strong><em>περὶ</em></strong></span> <span class='ocrx_word' id='word_1_132' title='bbox 1253 2121 1334 2204; x_wconf 86' lang='grc' dir='ltr'><strong><em>τούς</em></strong></span> <span class='ocrx_word' id='word_1_133' title='bbox 1356 2120 1459 2202; x_wconf 84' lang='grc' dir='ltr'><strong><em>θεοὺς</em></strong></span> 
     </span>
    </p>

    <p class='ocr_par' dir='ltr' id='par_1_8' title="bbox 97 2213 1490 2410">
     <span class='ocr_line' id='line_1_16' title="bbox 97 2213 1458 2310; baseline 0.001 -22"><span class='ocrx_word' id='word_1_134' title='bbox 97 2237 129 2290; x_wconf 86' lang='grc'><strong><em>15</em></strong></span> <span class='ocrx_word' id='word_1_135' title='bbox 149 2213 248 2304; x_wconf 77' lang='grc' dir='ltr'><strong><em>έμῶν</em></strong></span> <span class='ocrx_word' id='word_1_136' title='bbox 271 2220 407 2307; x_wconf 82' lang='grc' dir='ltr'><strong><em>ἔλεγχοι,</em></strong></span> <span class='ocrx_word' id='word_1_137' title='bbox 431 2215 489 2303; x_wconf 80' lang='grc' dir='ltr'><strong><em>σός</em></strong></span> <span class='ocrx_word' id='word_1_138' title='bbox 512 2219 565 2292; x_wconf 85' lang='grc' dir='ltr'><strong><em>διὰ</em></strong></span> <span class='ocrx_word' id='word_1_139' title='bbox 589 2219 653 2309; x_wconf 84' lang='grc' dir='ltr'><strong><em>τὴν</em></strong></span> <span class='ocrx_word' id='word_1_140' title='bbox 668 2217 835 2310; x_wconf 83' lang='grc' dir='ltr'><strong><em>ἀλήθειαν</em></strong></span> <span class='ocrx_word' id='word_1_141' title='bbox 850 2217 1079 2307; x_wconf 76' lang='grc' dir='ltr'><strong><em>ἐκβιαζόμενοι</em></strong></span> <span class='ocrx_word' id='word_1_142' title='bbox 1094 2226 1297 2309; x_wconf 79' lang='grc' dir='ltr'><strong><em>κωμῳδοῦσι</em></strong></span> <span class='ocrx_word' id='word_1_143' title='bbox 1312 2227 1458 2310; x_wconf 81' lang='grc' dir='ltr'><strong><em>ποιηταί,</em></strong></span> 
     </span>
     <span class='ocr_line' id='line_1_17' title="bbox 150 2313 1490 2410; baseline 0.004 -27"><span class='ocrx_word' id='word_1_144' title='bbox 150 2322 350 2404; x_wconf 73' lang='grc' dir='ltr'><strong><em>Μένανδρος</em></strong></span> <span class='ocrx_word' id='word_1_145' title='bbox 371 2325 454 2408; x_wconf 85' lang='grc' dir='ltr'><strong><em>γοῦν</em></strong></span> <span class='ocrx_word' id='word_1_146' title='bbox 469 2315 488 2390; x_wconf 92' lang='grc' dir='ltr'><strong><em>ό</em></strong></span> <span class='ocrx_word' id='word_1_147' title='bbox 503 2319 653 2409; x_wconf 88' lang='grc' dir='ltr'><strong><em>κωμικός</em></strong></span> <span class='ocrx_word' id='word_1_148' title='bbox 676 2325 712 2391; x_wconf 84' lang='grc' dir='ltr'><strong><em>ἐν</em></strong></span> <span class='ocrx_word' id='word_1_149' title='bbox 732 2315 873 2408; x_wconf 83' lang='grc' dir='ltr'><strong><em>Ἡνιόχῳ</em></strong></span> <span class='ocrx_word' id='word_1_150' title='bbox 897 2323 945 2405; x_wconf 79' lang='grc' dir='ltr'><strong><em>[ἐν</em></strong></span> <span class='ocrx_word' id='word_1_151' title='bbox 966 2313 1222 2410; x_wconf 65' lang='grc' dir='ltr'><strong><em>Ὑποβολιμαίῳ]</em></strong></span> <span class='ocrx_word' id='word_1_152' title='bbox 1246 2327 1297 2410; x_wconf 81' lang='grc' dir='ltr'><strong><em>τῷ</em></strong></span> <span class='ocrx_word' id='word_1_153' title='bbox 1313 2317 1457 2408; x_wconf 88' lang='grc' dir='ltr'><strong><em>δράματι</em></strong></span> <span class='ocrx_word' id='word_1_154' title='bbox 1474 2325 1490 2380; x_wconf 83' lang='grc'><strong>2</strong></span> 
     </span>
    </p>
   </div>
   <div class='ocr_carea' id='block_1_7' title="bbox 359 2449 1223 2723">
    <p class='ocr_par' dir='ltr' id='par_1_9' title="bbox 359 2449 1223 2723">
     <span class='ocr_line' id='line_1_18' title="bbox 362 2449 1223 2544; baseline 0.001 -20"><span class='ocrx_word' id='word_1_155' title='bbox 362 2449 471 2535; x_wconf 76' lang='grc' dir='ltr'><strong><em>οὐδείς</em></strong></span> <span class='ocrx_word' id='word_1_156' title='bbox 491 2449 524 2542; x_wconf 85' lang='grc' dir='ltr'><strong><em>μ’</em></strong></span> <span class='ocrx_word' id='word_1_157' title='bbox 547 2449 678 2542; x_wconf 85' lang='grc' dir='ltr'><strong><em>ἀρέσκει</em></strong></span> <span class='ocrx_word' id='word_1_158' title='bbox 700 2460 806 2543; x_wconf 82' lang='grc' dir='ltr'><strong><em>(φησὶ)</em></strong></span> <span class='ocrx_word' id='word_1_159' title='bbox 829 2461 1031 2544; x_wconf 79' lang='grc' dir='ltr'><strong><em>περιπατῶν</em></strong></span> <span class='ocrx_word' id='word_1_160' title='bbox 1054 2457 1117 2541; x_wconf 76' lang='grc' dir='ltr'><strong><em>ἔξω</em></strong></span> <span class='ocrx_word' id='word_1_161' title='bbox 1141 2452 1223 2536; x_wconf 86' lang='grc' dir='ltr'><strong><em>θεὸς</em></strong></span> 
     </span>
     <span class='ocr_line' id='line_1_19' title="bbox 359 2549 1081 2643; baseline 0.003 -21"><span class='ocrx_word' id='word_1_162' title='bbox 359 2550 444 2640; x_wconf 86' lang='grc' dir='ltr'><strong><em>μετά</em></strong></span> <span class='ocrx_word' id='word_1_163' title='bbox 466 2550 577 2641; x_wconf 79' lang='grc' dir='ltr'><strong><em>γραός,</em></strong></span> <span class='ocrx_word' id='word_1_164' title='bbox 600 2549 674 2624; x_wconf 75' lang='grc' dir='ltr'><strong><em>οὐδ’</em></strong></span> <span class='ocrx_word' id='word_1_165' title='bbox 698 2560 745 2635; x_wconf 87' lang='grc' dir='ltr'><strong><em>είς</em></strong></span> <span class='ocrx_word' id='word_1_166' title='bbox 766 2560 873 2637; x_wconf 87' lang='grc' dir='ltr'><strong><em>οίκίας</em></strong></span> <span class='ocrx_word' id='word_1_167' title='bbox 894 2555 1081 2643; x_wconf 76' lang='grc' dir='ltr'><strong><em>παρεισιὼν</em></strong></span> 
     </span>
     <span class='ocr_line' id='line_1_20' title="bbox 360 2654 675 2723; baseline 0.003 -2"><span class='ocrx_word' id='word_1_168' title='bbox 360 2654 414 2722; x_wconf 77' lang='grc' dir='ltr'><strong><em>ἐπὶ</em></strong></span> <span class='ocrx_word' id='word_1_169' title='bbox 437 2659 502 2723; x_wconf 82' lang='grc' dir='ltr'><strong><em>’τοῦ</em></strong></span> <span class='ocrx_word' id='word_1_170' title='bbox 523 2655 675 2722; x_wconf 85' lang='grc' dir='ltr'><strong><em>σανιδίου</em></strong></span> 
     </span>
    </p>
   </div>
   <div class='ocr_carea' id='block_1_8' title="bbox 98 2796 1491 3291">
    <p class='ocr_par' dir='ltr' id='par_1_10' title="bbox 98 2796 1491 3291">
     <span class='ocr_line' id='line_1_21' title="bbox 98 2796 1491 2900; baseline 0.002 -31"><span class='ocrx_word' id='word_1_171' title='bbox 98 2816 131 2869; x_wconf 74' lang='grc' dir='ltr'><strong><em>2ίί</em></strong></span> <span class='ocrx_word' id='word_1_172' title='bbox 149 2796 397 2889; x_wconf 87' lang='grc' dir='ltr'><strong><em>μητραγόρτης·</em></strong></span> <span class='ocrx_word' id='word_1_173' title='bbox 420 2809 572 2873; x_wconf 88' lang='grc' dir='ltr'><strong><em>τοιοῦτοι</em></strong></span> <span class='ocrx_word' id='word_1_174' title='bbox 594 2801 657 2891; x_wconf 83' lang='grc' dir='ltr'><strong><em>γὰρ</em></strong></span> <span class='ocrx_word' id='word_1_175' title='bbox 678 2803 710 2874; x_wconf 86' lang='grc' dir='ltr'><strong><em>οί</em></strong></span> <span class='ocrx_word' id='word_1_176' title='bbox 725 2802 963 2900; x_wconf 75' lang='grc' dir='ltr'><strong><em>μητραγύρται.</em></strong></span> <span class='ocrx_word' id='word_1_177' title='bbox 1001 2797 1085 2874; x_wconf 81' lang='grc' dir='ltr'><strong><em>ὅθεν</em></strong></span> <span class='ocrx_word' id='word_1_178' title='bbox 1101 2800 1241 2885; x_wconf 89' lang='grc' dir='ltr'><strong><em>είκότως</em></strong></span> <span class='ocrx_word' id='word_1_179' title='bbox 1257 2797 1275 2872; x_wconf 91' lang='grc' dir='ltr'><strong><em>ό</em></strong></span> <span class='ocrx_word' id='word_1_180' title='bbox 1290 2798 1457 2872; x_wconf 79' lang='grc' dir='ltr'><strong><em>Ἀντισθέ-</em></strong></span> <span class='ocrx_word' id='word_1_181' title='bbox 1475 2829 1491 2882; x_wconf 84' lang='grc'>3</span> 
     </span>
     <span class='ocr_line' id='line_1_22' title="bbox 151 2896 1460 2993; baseline 0 -23"><span class='ocrx_word' id='word_1_182' title='bbox 151 2927 213 2987; x_wconf 89' lang='grc' dir='ltr'><strong><em>νης</em></strong></span> <span class='ocrx_word' id='word_1_183' title='bbox 245 2901 359 2987; x_wconf 86' lang='grc' dir='ltr'><strong><em>έλεγεν</em></strong></span> <span class='ocrx_word' id='word_1_184' title='bbox 389 2896 505 2982; x_wconf 86' lang='grc' dir='ltr'><strong><em>αότοῑς</em></strong></span> <span class='ocrx_word' id='word_1_185' title='bbox 529 2909 757 2990; x_wconf 86' lang='grc' dir='ltr'><strong><em>μεταιτοῦσιν·</em></strong></span> <span class='ocrx_word' id='word_1_186' title='bbox 804 2899 863 2972; x_wconf 81' lang='grc' dir='ltr'><strong><em>»οό</em></strong></span> <span class='ocrx_word' id='word_1_187' title='bbox 885 2910 1002 2991; x_wconf 83' lang='grc' dir='ltr'><strong><em>τρέφω</em></strong></span> <span class='ocrx_word' id='word_1_188' title='bbox 1026 2902 1091 2993; x_wconf 83' lang='grc' dir='ltr'><strong><em>τὴν</em></strong></span> <span class='ocrx_word' id='word_1_189' title='bbox 1113 2908 1240 2991; x_wconf 89' lang='grc' dir='ltr'><strong><em>μητέρα</em></strong></span> <span class='ocrx_word' id='word_1_190' title='bbox 1262 2909 1335 2972; x_wconf 84' lang='grc' dir='ltr'><strong><em>τῶν</em></strong></span> <span class='ocrx_word' id='word_1_191' title='bbox 1356 2909 1460 2984; x_wconf 84' lang='grc' dir='ltr'><strong><em>θεῶν,</em></strong></span> 
     </span>
     <span class='ocr_line' id='line_1_23' title="bbox 152 2995 1491 3090; baseline 0.003 -24"><span class='ocrx_word' id='word_1_192' title='bbox 152 2995 194 3086; x_wconf 78' lang='grc' dir='ltr'><strong><em>ἣν</em></strong></span> <span class='ocrx_word' id='word_1_193' title='bbox 217 3001 249 3070; x_wconf 86' lang='grc' dir='ltr'><strong><em>οί</em></strong></span> <span class='ocrx_word' id='word_1_194' title='bbox 271 3005 346 3071; x_wconf 86' lang='grc' dir='ltr'><strong><em>θεοί</em></strong></span> <span class='ocrx_word' id='word_1_195' title='bbox 369 3005 582 3088; x_wconf 74' lang='grc' dir='ltr'><strong><em>τρέφουσινι.</em></strong></span> <span class='ocrx_word' id='word_1_196' title='bbox 624 2999 729 3074; x_wconf 82' lang='grc' dir='ltr'><strong><em>πάλιν</em></strong></span> <span class='ocrx_word' id='word_1_197' title='bbox 759 2997 836 3072; x_wconf 78' lang='grc' dir='ltr'><strong><em>δὲό</em></strong></span> <span class='ocrx_word' id='word_1_198' title='bbox 867 2999 970 3084; x_wconf 77' lang='grc' dir='ltr'><strong><em>αὐτὸς</em></strong></span> <span class='ocrx_word' id='word_1_199' title='bbox 999 3001 1261 3090; x_wconf 88' lang='grc' dir='ltr'><strong><em>κωμῳδιοποιός</em></strong></span> <span class='ocrx_word' id='word_1_200' title='bbox 1292 3005 1328 3070; x_wconf 86' lang='grc' dir='ltr'><strong><em>ἐν</em></strong></span> <span class='ocrx_word' id='word_1_201' title='bbox 1348 2995 1491 3090; x_wconf 81' lang='grc' dir='ltr'><strong><em>Ἱερείᾳ4</em></strong></span> 
     </span>
     <span class='ocr_line' id='line_1_24' title="bbox 152 3094 1460 3190; baseline 0 -21"><span class='ocrx_word' id='word_1_202' title='bbox 152 3104 202 3186; x_wconf 80' lang='grc' dir='ltr'><strong><em>τῷ</em></strong></span> <span class='ocrx_word' id='word_1_203' title='bbox 226 3094 369 3188; x_wconf 86' lang='grc' dir='ltr'><strong><em>δράματι</em></strong></span> <span class='ocrx_word' id='word_1_204' title='bbox 388 3109 607 3188; x_wconf 89' lang='grc' dir='ltr'><strong><em>χαλεπαίνων</em></strong></span> <span class='ocrx_word' id='word_1_205' title='bbox 627 3102 714 3190; x_wconf 86' lang='grc' dir='ltr'><strong><em>πρὸς</em></strong></span> <span class='ocrx_word' id='word_1_206' title='bbox 736 3100 800 3190; x_wconf 86' lang='grc' dir='ltr'><strong><em>τὴν</em></strong></span> <span class='ocrx_word' id='word_1_207' title='bbox 822 3098 1006 3190; x_wconf 82' lang='grc' dir='ltr'><strong><em>συνήθειαν</em></strong></span> <span class='ocrx_word' id='word_1_208' title='bbox 1025 3105 1203 3189; x_wconf 86' lang='grc' dir='ltr'><strong><em>διελέγχειν</em></strong></span> <span class='ocrx_word' id='word_1_209' title='bbox 1217 3105 1375 3187; x_wconf 82' lang='grc' dir='ltr'><strong><em>πειρᾶται</em></strong></span> <span class='ocrx_word' id='word_1_210' title='bbox 1396 3099 1460 3171; x_wconf 86' lang='grc' dir='ltr'><strong><em>τόν</em></strong></span> 
     </span>
     <span class='ocr_line' id='line_1_25' title="bbox 151 3195 1153 3291; baseline 0.003 -24"><span class='ocrx_word' id='word_1_211' title='bbox 151 3196 260 3269; x_wconf 85' lang='grc' dir='ltr'><strong><em>ἄθεον</em></strong></span> <span class='ocrx_word' id='word_1_212' title='bbox 282 3203 343 3288; x_wconf 82' lang='grc' dir='ltr'><strong><em>τῆς</em></strong></span> <span class='ocrx_word' id='word_1_213' title='bbox 364 3195 495 3289; x_wconf 85' lang='grc' dir='ltr'><strong><em>πλάνης</em></strong></span> <span class='ocrx_word' id='word_1_214' title='bbox 517 3207 638 3288; x_wconf 80' lang='grc' dir='ltr'><strong><em>τῦφον,</em></strong></span> <span class='ocrx_word' id='word_1_215' title='bbox 660 3198 950 3291; x_wconf 86' lang='grc' dir='ltr'><strong><em>ἐπιφθεγγόμενος</em></strong></span> <span class='ocrx_word' id='word_1_216' title='bbox 972 3197 1153 3289; x_wconf 80' lang='grc' dir='ltr'><strong><em>ἐμφρόνως</em></strong></span> 
     </span>
    </p>
   </div>
   <div class='ocr_carea' id='block_1_9' title="bbox 100 3333 1187 3622">
    <p class='ocr_par' dir='ltr' id='par_1_11' title="bbox 100 3333 1187 3622">
     <span class='ocr_line' id='line_1_26' title="bbox 100 3333 988 3424; baseline 0.001 -22"><span class='ocrx_word' id='word_1_217' title='bbox 100 3348 133 3402; x_wconf 76' lang='lat'><strong><em>25</em></strong></span> <span class='ocrx_word' id='word_1_218' title='bbox 572 3341 601 3404; x_wconf 91' lang='grc' dir='ltr'><strong><em>εί</em></strong></span> <span class='ocrx_word' id='word_1_219' title='bbox 623 3333 685 3424; x_wconf 81' lang='grc' dir='ltr'><strong><em>γὰρ</em></strong></span> <span class='ocrx_word' id='word_1_220' title='bbox 708 3335 796 3407; x_wconf 80' lang='grc' dir='ltr'><strong><em>έλκει</em></strong></span> <span class='ocrx_word' id='word_1_221' title='bbox 817 3333 881 3408; x_wconf 89' lang='grc' dir='ltr'><strong><em>τὸν</em></strong></span> <span class='ocrx_word' id='word_1_222' title='bbox 902 3339 988 3405; x_wconf 87' lang='grc' dir='ltr'><strong><em>θεὸν</em></strong></span> 
     </span>
     <span class='ocr_line' id='line_1_27' title="bbox 403 3427 1187 3523; baseline -0.001 -20"><span class='ocrx_word' id='word_1_223' title='bbox 403 3451 476 3517; x_wconf 82' lang='grc' dir='ltr'><strong><em>τοῖς</em></strong></span> <span class='ocrx_word' id='word_1_224' title='bbox 496 3431 679 3523; x_wconf 80' lang='grc' dir='ltr'><strong><em>κυμβάλοις</em></strong></span> <span class='ocrx_word' id='word_1_225' title='bbox 701 3434 890 3523; x_wconf 87' lang='grc' dir='ltr'><strong><em>άνθρωπος</em></strong></span> <span class='ocrx_word' id='word_1_226' title='bbox 912 3439 958 3517; x_wconf 86' lang='grc' dir='ltr'><strong><em>είς</em></strong></span> <span class='ocrx_word' id='word_1_227' title='bbox 981 3427 1187 3519; x_wconf 84' lang='grc' dir='ltr'><strong><em>όβοόλεται,</em></strong></span> 
     </span>
     <span class='ocr_line' id='line_1_28' title="bbox 404 3527 1131 3622; baseline -0.003 -18"><span class='ocrx_word' id='word_1_228' title='bbox 404 3527 424 3604; x_wconf 87' lang='grc' dir='ltr'><strong><em>ό</em></strong></span> <span class='ocrx_word' id='word_1_229' title='bbox 446 3539 552 3605; x_wconf 85' lang='grc' dir='ltr'><strong><em>τοῦτο</em></strong></span> <span class='ocrx_word' id='word_1_230' title='bbox 574 3541 689 3605; x_wconf 82' lang='grc' dir='ltr'><strong><em>ποιῶν</em></strong></span> <span class='ocrx_word' id='word_1_231' title='bbox 711 3537 781 3605; x_wconf 89' lang='grc' dir='ltr'><strong><em>ἐστι</em></strong></span> <span class='ocrx_word' id='word_1_232' title='bbox 803 3543 925 3622; x_wconf 78' lang='grc' dir='ltr'><strong><em>μείζων</em></strong></span> <span class='ocrx_word' id='word_1_233' title='bbox 947 3539 1010 3604; x_wconf 87' lang='grc' dir='ltr'><strong><em>τοῦ</em></strong></span> <span class='ocrx_word' id='word_1_234' title='bbox 1032 3538 1131 3605; x_wconf 83' lang='grc' dir='ltr'><strong><em>θεοῦ·</em></strong></span> 
     </span>
    </p>
   </div>
   <div class='ocr_carea' id='block_1_10' title="bbox 152 3785 1461 4112">
    <p class='ocr_par' dir='ltr' id='par_1_12' title="bbox 152 3785 1461 4112">
     <span class='ocr_line' id='line_1_29' title="bbox 238 3785 1460 3857; baseline -0.003 -17"><span class='ocrx_word' id='word_1_235' title='bbox 238 3785 311 3842; x_wconf 78' lang='grc'><strong><em>2-4</em></strong></span> <span class='ocrx_word' id='word_1_236' title='bbox 331 3785 429 3841; x_wconf 70' lang='lat' dir='ltr'>strom.</span> <span class='ocrx_word' id='word_1_237' title='bbox 448 3785 473 3840; x_wconf 86' lang='lat' dir='ltr'><strong>V</strong></span> <span class='ocrx_word' id='word_1_238' title='bbox 491 3789 569 3842; x_wconf 87' lang='grc'><strong><em>78-</em></strong></span> <span class='ocrx_word' id='word_1_239' title='bbox 582 3787 626 3844; x_wconf 80' lang='grc' dir='ltr'><strong><em>βί</em></strong></span> <span class='ocrx_word' id='word_1_240' title='bbox 642 3787 719 3842; x_wconf 79' lang='lat' dir='ltr'>Oree.</span> <span class='ocrx_word' id='word_1_241' title='bbox 733 3788 828 3856; x_wconf 81' lang='lat' dir='ltr'><strong>Sibyll.</strong></span> <span class='ocrx_word' id='word_1_242' title='bbox 841 3788 865 3850; x_wconf 88' lang='lat'><strong><em>3,</em></strong></span> <span class='ocrx_word' id='word_1_243' title='bbox 878 3788 947 3842; x_wconf 75' lang='lat' dir='ltr'>624f</span> <span class='ocrx_word' id='word_1_244' title='bbox 957 3817 990 3824; x_wconf 97' lang='lat'><em>-</em></span> <span class='ocrx_word' id='word_1_245' title='bbox 1004 3787 1100 3843; x_wconf 80' lang='grc'>16-8.</span> <span class='ocrx_word' id='word_1_246' title='bbox 1113 3786 1190 3849; x_wconf 65' lang='grc'><strong><em>588</em></strong></span> <span class='ocrx_word' id='word_1_247' title='bbox 1204 3787 1259 3857; x_wconf 80' lang='lat' dir='ltr'>vgl.</span> <span class='ocrx_word' id='word_1_248' title='bbox 1273 3785 1350 3840; x_wconf 82' lang='lat' dir='ltr'>Elter</span> <span class='ocrx_word' id='word_1_249' title='bbox 1363 3787 1460 3840; x_wconf 77' lang='lat' dir='ltr'>Gnom.</span> 
     </span>
     <span class='ocr_line' id='line_1_30' title="bbox 152 3869 1461 3942; baseline 0.002 -18"><span class='ocrx_word' id='word_1_250' title='bbox 152 3869 217 3926; x_wconf 72' lang='lat' dir='ltr'>hire.</span> <span class='ocrx_word' id='word_1_251' title='bbox 236 3871 292 3926; x_wconf 73' lang='lat'>129.</span> <span class='ocrx_word' id='word_1_252' title='bbox 313 3871 362 3926; x_wconf 84' lang='lat'><strong><em>130</em></strong></span> <span class='ocrx_word' id='word_1_253' title='bbox 378 3899 411 3908; x_wconf 95' lang='lat'>-</span> <span class='ocrx_word' id='word_1_254' title='bbox 431 3871 544 3927; x_wconf 74' lang='lat'>17—19</span> <span class='ocrx_word' id='word_1_255' title='bbox 563 3871 714 3927; x_wconf 76' lang='lat' dir='ltr'>Menander</span> <span class='ocrx_word' id='word_1_256' title='bbox 731 3871 772 3926; x_wconf 81' lang='lat' dir='ltr'><strong><em>Fr.</em></strong></span> <span class='ocrx_word' id='word_1_257' title='bbox 791 3872 841 3926; x_wconf 82' lang='lat'><strong><em>202</em></strong></span> <span class='ocrx_word' id='word_1_258' title='bbox 859 3871 926 3926; x_wconf 71' lang='grc' dir='ltr'><strong><em>ΘΑΕ</em></strong></span> <span class='ocrx_word' id='word_1_259' title='bbox 939 3872 977 3924; x_wconf 86' lang='lat'><strong><em>111</em></strong></span> <span class='ocrx_word' id='word_1_260' title='bbox 991 3889 1014 3941; x_wconf 85' lang='lat' dir='ltr'><strong><em>p.</em></strong></span> <span class='ocrx_word' id='word_1_261' title='bbox 1027 3873 1073 3936; x_wconf 66' lang='lat'><strong><em>5&amp;</em></strong></span> <span class='ocrx_word' id='word_1_262' title='bbox 1092 3872 1147 3941; x_wconf 81' lang='lat' dir='ltr'><strong>vgl.</strong></span> <span class='ocrx_word' id='word_1_263' title='bbox 1165 3870 1277 3942; x_wconf 76' lang='lat' dir='ltr'>[Justin]</span> <span class='ocrx_word' id='word_1_264' title='bbox 1296 3870 1336 3925; x_wconf 90' lang='lat' dir='ltr'><strong><em>De</em></strong></span> <span class='ocrx_word' id='word_1_265' title='bbox 1353 3886 1426 3924; x_wconf 87' lang='lat' dir='ltr'>mon.</span> <span class='ocrx_word' id='word_1_266' title='bbox 1444 3873 1461 3926; x_wconf 80' lang='lat'><strong>5</strong></span> 
     </span>
     <span class='ocr_line' id='line_1_31' title="bbox 153 3953 1460 4020; baseline 0 -10"><span class='ocrx_word' id='word_1_267' title='bbox 153 3983 186 3992; x_wconf 95' lang='lat'><em>-</em></span> <span class='ocrx_word' id='word_1_268' title='bbox 204 3953 268 4010; x_wconf 74' lang='lat'><strong><em>211</em></strong></span> <span class='ocrx_word' id='word_1_269' title='bbox 282 3955 461 4010; x_wconf 74' lang='lat' dir='ltr'>Antisthenes</span> <span class='ocrx_word' id='word_1_270' title='bbox 477 3955 518 4012; x_wconf 87' lang='lat' dir='ltr'><strong><em>Fr.</em></strong></span> <span class='ocrx_word' id='word_1_271' title='bbox 532 3957 702 4012; x_wconf 76' lang='lat' dir='ltr'>70Mu1neh</span> <span class='ocrx_word' id='word_1_272' title='bbox 719 3957 789 4011; x_wconf 85' lang='lat' dir='ltr'><strong><em>FPG</em></strong></span> <span class='ocrx_word' id='word_1_273' title='bbox 807 3957 894 4011; x_wconf 86' lang='grc'>11287</span> <span class='ocrx_word' id='word_1_274' title='bbox 913 3985 945 3994; x_wconf 91' lang='grc'>-</span> <span class='ocrx_word' id='word_1_275' title='bbox 965 3956 1064 4012; x_wconf 76' lang='grc'><strong>25-8.</strong></span> <span class='ocrx_word' id='word_1_276' title='bbox 1083 3956 1130 4020; x_wconf 79' lang='grc'><strong><em>58,</em></strong></span> <span class='ocrx_word' id='word_1_277' title='bbox 1144 3956 1162 4010; x_wconf 94' lang='grc'><strong>2</strong></span> <span class='ocrx_word' id='word_1_278' title='bbox 1180 3956 1331 4011; x_wconf 79' lang='lat' dir='ltr'>Menander</span> <span class='ocrx_word' id='word_1_279' title='bbox 1346 3955 1389 4009; x_wconf 82' lang='lat' dir='ltr'><strong><em>Fr.</em></strong></span> <span class='ocrx_word' id='word_1_280' title='bbox 1402 3957 1460 4020; x_wconf 80' lang='lat'>245,</span> 
     </span>
     <span class='ocr_line' id='line_1_32' title="bbox 154 4039 861 4112; baseline 0.003 -17"><span class='ocrx_word' id='word_1_281' title='bbox 154 4041 221 4095; x_wconf 84' lang='grc'><strong><em>2-6</em></strong></span> <span class='ocrx_word' id='word_1_282' title='bbox 238 4039 306 4094; x_wconf 79' lang='lat' dir='ltr'><strong><em>GAF</em></strong></span> <span class='ocrx_word' id='word_1_283' title='bbox 323 4040 363 4094; x_wconf 91' lang='lat' dir='ltr'><strong><em>III</em></strong></span> <span class='ocrx_word' id='word_1_284' title='bbox 381 4059 405 4110; x_wconf 91' lang='lat' dir='ltr'><strong><em>p.</em></strong></span> <span class='ocrx_word' id='word_1_285' title='bbox 425 4043 472 4104; x_wconf 79' lang='lat'><strong><em>70;</em></strong></span> <span class='ocrx_word' id='word_1_286' title='bbox 491 4042 545 4112; x_wconf 81' lang='lat' dir='ltr'>vgl.</span> <span class='ocrx_word' id='word_1_287' title='bbox 565 4041 675 4112; x_wconf 73' lang='lat' dir='ltr'>[Justin]</span> <span class='ocrx_word' id='word_1_288' title='bbox 695 4040 736 4096; x_wconf 91' lang='lat' dir='ltr'><strong><em>De</em></strong></span> <span class='ocrx_word' id='word_1_289' title='bbox 754 4059 826 4097; x_wconf 89' lang='lat' dir='ltr'>mon.</span> <span class='ocrx_word' id='word_1_290' title='bbox 844 4045 861 4097; x_wconf 78' lang='lat'><strong>5</strong></span> 
     </span>
    </p>
   </div>
   <div class='ocr_carea' id='block_1_11' title="bbox 155 4268 1462 4774">
    <p class='ocr_par' dir='ltr' id='par_1_13' title="bbox 155 4268 1462 4774">
     <span class='ocr_line' id='line_1_33' title="bbox 240 4268 1460 4346; baseline 0.003 -19"><span class='ocrx_word' id='word_1_291' title='bbox 240 4273 257 4327; x_wconf 86' lang='grc'><strong>2</strong></span> <span class='ocrx_word' id='word_1_292' title='bbox 277 4269 430 4345; x_wconf 78' lang='grc' dir='ltr'><strong><em>αὐτογενής</em></strong></span> <span class='ocrx_word' id='word_1_293' title='bbox 448 4275 469 4328; x_wconf 91' lang='grc' dir='ltr'><strong>Ρ</strong></span> <span class='ocrx_word' id='word_1_294' title='bbox 489 4277 577 4346; x_wconf 79' lang='grc' dir='ltr'><strong><em>Ιίοεί]</em></strong></span> <span class='ocrx_word' id='word_1_295' title='bbox 596 4275 657 4344; x_wconf 73' lang='lat' dir='ltr'>cyr.</span> <span class='ocrx_word' id='word_1_296' title='bbox 676 4269 828 4344; x_wconf 74' lang='grc' dir='ltr'><strong><em>αι’ποτελης</em></strong></span> <span class='ocrx_word' id='word_1_297' title='bbox 845 4275 943 4328; x_wconf 71' lang='lat' dir='ltr'>Serom.</span> <span class='ocrx_word' id='word_1_298' title='bbox 963 4274 987 4326; x_wconf 89' lang='lat' dir='ltr'>V</span> <span class='ocrx_word' id='word_1_299' title='bbox 1005 4274 1037 4327; x_wconf 90' lang='grc'><strong><em>78</em></strong></span> <span class='ocrx_word' id='word_1_300' title='bbox 1052 4276 1056 4340; x_wconf 93' lang='grc' dir='ltr'>Ι</span> <span class='ocrx_word' id='word_1_301' title='bbox 1073 4274 1091 4328; x_wconf 79' lang='grc'>8</span> <span class='ocrx_word' id='word_1_302' title='bbox 1120 4268 1149 4327; x_wconf 85' lang='grc' dir='ltr'><strong><em>ἐν</em></strong></span> <span class='ocrx_word' id='word_1_303' title='bbox 1168 4303 1201 4310; x_wconf 91' lang='grc'>-</span> <span class='ocrx_word' id='word_1_304' title='bbox 1218 4273 1409 4344; x_wconf 85' lang='grc' dir='ltr'><strong><em>αερινίσσεται</em></strong></span> <span class='ocrx_word' id='word_1_305' title='bbox 1426 4281 1460 4331; x_wconf 95' lang='grc'>&lt;</span> 
     </span>
     <span class='ocr_line' id='line_1_34' title="bbox 156 4355 1460 4434; baseline 0 -22"><span class='ocrx_word' id='word_1_306' title='bbox 156 4359 252 4414; x_wconf 79' lang='lat' dir='ltr'>strom.</span> <span class='ocrx_word' id='word_1_307' title='bbox 272 4357 295 4412; x_wconf 90' lang='lat' dir='ltr'>V</span> <span class='ocrx_word' id='word_1_308' title='bbox 314 4361 347 4415; x_wconf 91' lang='grc'><strong><em>78</em></strong></span> <span class='ocrx_word' id='word_1_309' title='bbox 370 4361 374 4428; x_wconf 93' lang='grc' dir='ltr'>Ι</span> <span class='ocrx_word' id='word_1_310' title='bbox 397 4361 589 4429; x_wconf 86' lang='grc' dir='ltr'><strong><em>περινίσσεται</em></strong></span> <span class='ocrx_word' id='word_1_311' title='bbox 606 4361 688 4415; x_wconf 78' lang='grc' dir='ltr'><strong><em>Ρ*Μ2</em></strong></span> <span class='ocrx_word' id='word_1_312' title='bbox 705 4361 879 4434; x_wconf 84' lang='grc' dir='ltr'><strong><em>περινίσεται</em></strong></span> <span class='ocrx_word' id='word_1_313' title='bbox 896 4359 977 4411; x_wconf 57' lang='grc' dir='ltr'><em>ΡΊΜ*</em></span> <span class='ocrx_word' id='word_1_314' title='bbox 993 4359 1168 4428; x_wconf 86' lang='grc' dir='ltr'><strong><em>περιγίνεται</em></strong></span> <span class='ocrx_word' id='word_1_315' title='bbox 1186 4357 1276 4428; x_wconf 66' lang='lat' dir='ltr'>[June]</span> <span class='ocrx_word' id='word_1_316' title='bbox 1290 4359 1350 4427; x_wconf 81' lang='lat' dir='ltr'>Oyr.</span> <span class='ocrx_word' id='word_1_317' title='bbox 1367 4358 1370 4424; x_wconf 97' lang='grc' dir='ltr'>Ι</span> <span class='ocrx_word' id='word_1_318' title='bbox 1386 4357 1405 4413; x_wconf 81' lang='lat'>4</span> <span class='ocrx_word' id='word_1_319' title='bbox 1424 4355 1460 4414; x_wconf 85' lang='grc' dir='ltr'><strong><em>εί·</em></strong></span> 
     </span>
     <span class='ocr_line' id='line_1_35' title="bbox 157 4441 1462 4522; baseline -0.004 -22"><span class='ocrx_word' id='word_1_320' title='bbox 157 4441 249 4517; x_wconf 81' lang='grc' dir='ltr'><strong><em>οορὰᾳ</em></strong></span> <span class='ocrx_word' id='word_1_321' title='bbox 267 4445 365 4500; x_wconf 76' lang='lat' dir='ltr'>seron.</span> <span class='ocrx_word' id='word_1_322' title='bbox 385 4444 409 4499; x_wconf 87' lang='lat' dir='ltr'><strong>V</strong></span> <span class='ocrx_word' id='word_1_323' title='bbox 428 4446 461 4500; x_wconf 88' lang='grc'><strong><em>78</em></strong></span> <span class='ocrx_word' id='word_1_324' title='bbox 479 4445 566 4516; x_wconf 67' lang='grc' dir='ltr'><strong><em>[δεεστ]</em></strong></span> <span class='ocrx_word' id='word_1_325' title='bbox 586 4445 646 4514; x_wconf 81' lang='lat' dir='ltr'>cyr.</span> <span class='ocrx_word' id='word_1_326' title='bbox 665 4442 767 4522; x_wconf 78' lang='grc' dir='ltr'><strong><em>εἰσορᾷ</em></strong></span> <span class='ocrx_word' id='word_1_327' title='bbox 786 4445 806 4497; x_wconf 88' lang='grc' dir='ltr'>Ρ</span> <span class='ocrx_word' id='word_1_328' title='bbox 823 4446 827 4512; x_wconf 94' lang='grc' dir='ltr'>Ι</span> <span class='ocrx_word' id='word_1_329' title='bbox 847 4444 865 4499; x_wconf 77' lang='grc'>5</span> <span class='ocrx_word' id='word_1_330' title='bbox 884 4462 917 4514; x_wconf 89' lang='grc' dir='ltr'><strong><em>γε</em></strong></span> <span class='ocrx_word' id='word_1_331' title='bbox 935 4443 966 4496; x_wconf 78' lang='lat' dir='ltr'><strong><em>st</em></strong></span> <span class='ocrx_word' id='word_1_332' title='bbox 983 4441 1013 4499; x_wconf 90' lang='grc' dir='ltr'><strong><em>τέ</em></strong></span> <span class='ocrx_word' id='word_1_333' title='bbox 1031 4443 1052 4496; x_wconf 91' lang='grc' dir='ltr'><strong>Ρ</strong></span> <span class='ocrx_word' id='word_1_334' title='bbox 1069 4444 1108 4511; x_wconf 83' lang='grc'><strong><em>18</em></strong></span> <span class='ocrx_word' id='word_1_335' title='bbox 1125 4461 1188 4499; x_wconf 90' lang='grc' dir='ltr'><strong><em>τινα</em></strong></span> <span class='ocrx_word' id='word_1_336' title='bbox 1205 4449 1256 4498; x_wconf 87' lang='grc' dir='ltr'><strong><em>τοῦ</em></strong></span> <span class='ocrx_word' id='word_1_337' title='bbox 1273 4442 1303 4496; x_wconf 90' lang='lat' dir='ltr'><strong><em>in</em></strong></span> <span class='ocrx_word' id='word_1_338' title='bbox 1321 4442 1383 4496; x_wconf 79' lang='lat' dir='ltr'><strong><em>Res.</em></strong></span> <span class='ocrx_word' id='word_1_339' title='bbox 1401 4442 1436 4496; x_wconf 75' lang='grc' dir='ltr'><strong><em>Ρι</em></strong></span> <span class='ocrx_word' id='word_1_340' title='bbox 1457 4443 1462 4511; x_wconf 97' lang='grc' dir='ltr'>Ι</span> 
     </span>
     <span class='ocr_line' id='line_1_36' title="bbox 158 4520 1461 4605; baseline -0.001 -21"><span class='ocrx_word' id='word_1_341' title='bbox 158 4529 195 4586; x_wconf 82' lang='grc'><strong><em>16</em></strong></span> <span class='ocrx_word' id='word_1_342' title='bbox 214 4527 253 4600; x_wconf 82' lang='grc' dir='ltr'><strong><em>Ιέν</em></strong></span> <span class='ocrx_word' id='word_1_343' title='bbox 268 4521 397 4604; x_wconf 84' lang='grc' dir='ltr'><strong><em>Ἡνιδχῳ]</em></strong></span> <span class='ocrx_word' id='word_1_344' title='bbox 416 4531 463 4584; x_wconf 81' lang='lat' dir='ltr'><strong><em>Me</em></strong></span> <span class='ocrx_word' id='word_1_345' title='bbox 481 4527 511 4586; x_wconf 86' lang='grc' dir='ltr'><strong><em>έν</em></strong></span> <span class='ocrx_word' id='word_1_346' title='bbox 526 4522 644 4605; x_wconf 80' lang='grc' dir='ltr'><strong><em>Ἡνιδχῳ</em></strong></span> <span class='ocrx_word' id='word_1_347' title='bbox 664 4532 739 4600; x_wconf 78' lang='grc' dir='ltr'><strong><em>(καίΙ</em></strong></span> <span class='ocrx_word' id='word_1_348' title='bbox 758 4528 892 4592; x_wconf 83' lang='lat' dir='ltr'>Meineke,</span> <span class='ocrx_word' id='word_1_349' title='bbox 911 4529 982 4584; x_wconf 86' lang='lat' dir='ltr'>Men.</span> <span class='ocrx_word' id='word_1_350' title='bbox 1000 4530 1029 4582; x_wconf 78' lang='grc' dir='ltr'><strong><em>εί</em></strong></span> <span class='ocrx_word' id='word_1_351' title='bbox 1046 4527 1117 4582; x_wconf 89' lang='lat' dir='ltr'>Phil.</span> <span class='ocrx_word' id='word_1_352' title='bbox 1135 4527 1194 4583; x_wconf 87' lang='lat' dir='ltr'>rell.</span> <span class='ocrx_word' id='word_1_353' title='bbox 1216 4545 1242 4598; x_wconf 89' lang='lat' dir='ltr'><strong><em>p.</em></strong></span> <span class='ocrx_word' id='word_1_354' title='bbox 1261 4530 1292 4582; x_wconf 90' lang='grc'><strong><em>71</em></strong></span> <span class='ocrx_word' id='word_1_355' title='bbox 1309 4529 1313 4594; x_wconf 97' lang='grc' dir='ltr'>Ι</span> <span class='ocrx_word' id='word_1_356' title='bbox 1331 4523 1370 4596; x_wconf 85' lang='grc' dir='ltr'><strong><em>Ιέν</em></strong></span> <span class='ocrx_word' id='word_1_357' title='bbox 1383 4520 1461 4583; x_wconf 82' lang='grc' dir='ltr'><strong><em>Ὑπο-</em></strong></span> 
     </span>
     <span class='ocr_line' id='line_1_37' title="bbox 155 4609 1460 4688; baseline -0.002 -19"><span class='ocrx_word' id='word_1_358' title='bbox 155 4613 304 4688; x_wconf 85' lang='grc' dir='ltr'><strong><em>βολιμαίῳ]</em></strong></span> <span class='ocrx_word' id='word_1_359' title='bbox 322 4614 443 4670; x_wconf 77' lang='lat' dir='ltr'>Clericus</span> <span class='ocrx_word' id='word_1_360' title='bbox 462 4625 495 4676; x_wconf 96' lang='lat'>&lt;</span> <span class='ocrx_word' id='word_1_361' title='bbox 513 4617 603 4687; x_wconf 64' lang='lat' dir='ltr'>[June]</span> <span class='ocrx_word' id='word_1_362' title='bbox 627 4619 631 4684; x_wconf 95' lang='grc' dir='ltr'>Ι</span> <span class='ocrx_word' id='word_1_363' title='bbox 657 4616 695 4672; x_wconf 80' lang='grc'><strong><em>18</em></strong></span> <span class='ocrx_word' id='word_1_364' title='bbox 721 4614 794 4684; x_wconf 83' lang='grc' dir='ltr'><strong><em>μετὰ</em></strong></span> <span class='ocrx_word' id='word_1_365' title='bbox 815 4613 904 4686; x_wconf 87' lang='grc' dir='ltr'><strong><em>γραός</em></strong></span> <span class='ocrx_word' id='word_1_366' title='bbox 922 4623 955 4672; x_wconf 95' lang='grc'>&lt;</span> <span class='ocrx_word' id='word_1_367' title='bbox 973 4612 1065 4683; x_wconf 59' lang='lat' dir='ltr'>[June]</span> <span class='ocrx_word' id='word_1_368' title='bbox 1090 4615 1093 4681; x_wconf 96' lang='grc' dir='ltr'>Ι</span> <span class='ocrx_word' id='word_1_369' title='bbox 1120 4609 1287 4684; x_wconf 87' lang='grc' dir='ltr'><strong><em>παρεισιὼν]</em></strong></span> <span class='ocrx_word' id='word_1_370' title='bbox 1306 4610 1460 4684; x_wconf 89' lang='grc' dir='ltr'><strong><em>παρέρπων</em></strong></span> 
     </span>
     <span class='ocr_line' id='line_1_38' title="bbox 157 4691 1354 4774; baseline -0.001 -22"><span class='ocrx_word' id='word_1_371' title='bbox 157 4699 245 4769; x_wconf 64' lang='lat' dir='ltr'>[June]</span> <span class='ocrx_word' id='word_1_372' title='bbox 263 4698 307 4754; x_wconf 81' lang='lat' dir='ltr'><strong><em>Hs</em></strong></span> <span class='ocrx_word' id='word_1_373' title='bbox 329 4701 335 4769; x_wconf 90' lang='grc' dir='ltr'>Ι</span> <span class='ocrx_word' id='word_1_374' title='bbox 359 4701 399 4756; x_wconf 85' lang='grc'><strong><em>20</em></strong></span> <span class='ocrx_word' id='word_1_375' title='bbox 420 4700 638 4774; x_wconf 71' lang='grc' dir='ltr'><strong><em>[μητραγύρτης]</em></strong></span> <span class='ocrx_word' id='word_1_376' title='bbox 657 4701 694 4755; x_wconf 90' lang='lat' dir='ltr'><strong><em>Di</em></strong></span> <span class='ocrx_word' id='word_1_377' title='bbox 712 4709 745 4760; x_wconf 94' lang='lat'>&lt;</span> <span class='ocrx_word' id='word_1_378' title='bbox 764 4699 851 4769; x_wconf 63' lang='lat' dir='ltr'>[June]</span> <span class='ocrx_word' id='word_1_379' title='bbox 875 4701 880 4766; x_wconf 95' lang='grc' dir='ltr'>Ι</span> <span class='ocrx_word' id='word_1_380' title='bbox 900 4699 939 4754; x_wconf 87' lang='grc'><strong><em>22</em></strong></span> <span class='ocrx_word' id='word_1_381' title='bbox 959 4691 1020 4767; x_wconf 73' lang='grc' dir='ltr'><strong><em>(οὗ)</em></strong></span> <span class='ocrx_word' id='word_1_382' title='bbox 1039 4697 1188 4770; x_wconf 87' lang='grc' dir='ltr'><strong><em>τρέφουσιν</em></strong></span> <span class='ocrx_word' id='word_1_383' title='bbox 1206 4697 1354 4752; x_wconf 74' lang='lat' dir='ltr'>Markland</span> 
     </span>
    </p>
   </div>
   <div class='ocr_carea' id='block_1_12' title="bbox 0 0 1775 5492">
    <p class='ocr_par' dir='ltr' id='par_1_14' title="bbox 0 0 1775 5492">
     <span class='ocr_line' id='line_1_39' title="bbox 0 0 1775 5492; baseline 0 0"><span class='ocrx_word' id='word_1_384' title='bbox 0 0 1775 5492; x_wconf 95' lang='lat' dir='ltr'><strong><em> </em></strong></span> 
     </span>
    </p>
   </div>
  </div>
 </body>
</html>
