3520 5480
573 473 699 527 Scholion
718 491 779 528 zum
797 474 988 546 Protreptieus.
1376 481 1436 542 299

127 639 241 722 ἔδοξεν
264 629 347 723 ὄναρ
369 645 506 707 νεανίαν
528 635 606 707 τινά
620 643 816 708 πανοπλίαν
832 635 925 730 αύτῷ
939 636 1068 710 διδόναι
1083 646 1136 708 καὶ
1154 633 1249 726 εύχδις
1264 647 1437 710 ποιεῖσθαι

125 731 359 822 προστάττειν
381 743 432 824 τῷ
454 732 644 808 Ἀπόλλωνι
667 744 974 828 δαφνηφοροῦντας
1001 734 1043 808 δι’
1065 743 1310 826 ἐνναετηρίδος.
1353 735 1437 825 μετά

128 841 163 906 δὲ
185 842 305 924 τρίτην
328 831 453 924 ἡμέραν
475 841 674 924 ἐπιθέμενος
695 855 812 926 κρατεῖ
832 845 906 908 τών
927 844 1109 927 πολεμίων,
1132 845 1186 908 καὶ
1203 833 1306 920 αύτός
1321 865 1358 906 τε
1374 835 1438 925 τὴν

128 939 369 1024 δαφνηφορίαν
399 939 505 1006 ἐτέλει
535 943 591 1007 καὶ
621 935 662 1008 τὸ
695 939 776 1018 έθος
798 940 929 1007 ἐκεῖθεν
952 943 1166 1027 διατηρεῑται.
1209 933 1229 1025 6
1253 942 1289 1006 δέ
1311 940 1438 1024 δαφνη·

91 1055 108 1106 5
128 1043 245 1121 φορία·
268 1033 370 1120 ξύλον
385 1038 498 1117 ἐλαίας
512 1041 763 1122 καταστέφονσι
779 1033 922 1119 δάφναις
938 1042 1025 1124 (καί)
1040 1045 1209 1118 ποικίλοις
1232 1035 1361 1119 άνθεσι,
1383 1043 1439 1106 καὶ

127 1129 180 1204 ἐπ’
203 1132 311 1220 ἄκρου
331 1139 392 1224 μὲν
417 1141 525 1223 χαλκῆ
547 1133 771 1224 ἐφαρμόζεται
793 1155 926 1224 σφαῖρα,
959 1141 995 1206 ἐκ
1027 1141 1062 1206 δὲ
1084 1135 1210 1226 ταύτης
1239 1141 1439 1227 μικροτέρας

128 1237 310 1320 ἐξαρτῶσι·
354 1233 440 1305 κατά
472 1239 507 1305 δέ
538 1232 579 1304 τὸ
610 1241 713 1324 μέσον
744 1242 806 1306 τοῦ
828 1236 930 1322 ξύλου
951 1242 1149 1324 περιθέντες
1172 1230 1356 1317 ἐλάσσονας
1378 1240 1439 1323 τῆς

129 1329 181 1403 ἐπ’
205 1332 312 1422 ἄκρου
334 1339 397 1404 τοῦ
419 1332 523 1420 ξύλου
543 1331 758 1406 καθάπτουσι
774 1341 933 1423 πορφυρᾶ
948 1342 1129 1425 στέμματα,
1154 1334 1196 1406 τὰ
1213 1339 1247 1405 δὲ
1263 1345 1439 1405 τελευταῖα

130 1439 193 1503 τοῦ
209 1431 313 1518 ξύλον
326 1441 568 1522 περιστέφουσι
590 1441 765 1524 κροκωτῷ.
795 1433 952 1520 βούλεται
974 1440 1010 1505 δέ
1026 1432 1140 1516 αύτοῑς
1157 1431 1177 1522 6
1191 1440 1253 1522 μὲν
1269 1430 1439 1505 ἀνωτάτω

76 1560 110 1612 10
129 1551 256 1618 σφαῖρα
279 1532 342 1604 τὸν
364 1528 471 1622 ἥλιον,
504 1525 610 1623 ώκαὶ
633 1531 696 1605 τὸν
716 1530 917 1606 Ἀπόλλωνα
940 1529 1177 1622 ἀναφέρουσιν,
1210 1528 1285 1624 ἡδ’
1308 1529 1441 1604 ῦποκει-

127 1637 211 1720 μένη
235 1631 298 1721 τὴν
320 1631 474 1722 σελήνην,
504 1633 548 1704 τά
570 1638 605 1702 δὲ
627 1639 886 1723 προσηρτημένα
909 1641 982 1704 τών
1004 1641 1173 1723 σφαιρίων
1196 1631 1303 1721 ἄστρα
1327 1661 1364 1702 τε
1385 1638 1440 1703 καὶ

130 1726 283 1818 άστέρας,
314 1731 357 1802 τά
388 1737 423 1802 δέ
454 1739 626 1821 στέμματα
656 1731 720 1803 τὸν
753 1731 922 1803 ἐνιαύσιον
952 1730 1091 1822 δρόμον·
1134 1740 1189 1802 καί
1220 1728 1283 1820 γάρ
1307 1738 1362 1802 καί
1384 1739 1443 1818 τξέ

130 1837 288 1902 ποιοῦσιν
318 1827 411 1902 αύτά.
456 1831 548 1920 άρχει
578 1837 615 1905 δέ
646 1838 706 1921 τῆς
737 1839 973 1921 δαφνηφορίας
1003 1851 1081 1914 παῑς
1104 1827 1311 1921 άμφιθαλὴς,
1342 1826 1439 1901 καλό

129 1926 276 2018 μάλιστα
306 1928 400 2021 αύτῷ
432 1937 554 2012 οἰκεῖος
584 1929 740 2018 βαστάζει
771 1930 811 2002 τὸ
842 1937 1109 2021 κατεστεμμένον
1140 1930 1251 2018 ξύλον,
1284 1922 1303 1999 6
1329 1931 1439 2000 κωπώ

78 2059 110 2111 15
131 2035 305 2100 καλοῦσιν·
349 2027 451 2112 αύτὸς
473 2026 549 2102 δε
531 2061 549 2102 ο
572 2028 796 2121 δαφνηφόρος
819 2027 1046 2120 ἑπόμενος
1004 2061 1065 2121 της
1087 2029 1218 2120 δάφνης
1240 2027 1440 2116 ἐφάπτεται,

132 2129 194 2210 τὰς
216 2135 277 2218 μὲν
297 2126 402 2217 κόμας
423 2138 632 2221 καθειμένος,
655 2136 799 2219 χρυσοῦν
822 2136 857 2200 δὲ
877 2137 1049 2217 στέφανον
1075 2139 1192 2218 φέρων
1212 2139 1269 2201 καὶ
1284 2128 1442 2252 λαμπράν

132 2233 263 2317 ἐσθῆτα
284 2227 418 2319 ποδήρη
442 2234 686 2318 ἐστολισμένος,
719 2234 932 2319 ίφικρατίδας
955 2259 992 2301 τε
1014 2220 1316 2319 ύποδεδεμένος,
1291 2260 1318 2319 ῳ
1342 2227 1443 2317 χορός

132 2334 321 2417 παρθένων
343 2334 576 2405 ἐπακολουθεῖ,
608 2337 802 2417 προτείνων
831 2337 967 2413 κλῶνας
988 2331 1075 2418 πρὸς
1096 2332 1267 2420 ίκετηρίαν
1289 2336 1362 2399 τών
1385 2323 1442 2417 ῦμ·

135 2459 219 2501 νων.
242 2433 320 2498 P²M

79 2555 113 2608 20
218 2533 308 2615 ἐρίφ]
332 2527 396 2618 τὴν
419 2536 611 2618 Ιλεγομένην
642 2529 838 2618 εἰρεσιώνην
861 2535 973 2618 φησίν,
997 2530 1039 2619 ἣν
1061 2525 1174 2608 οὕτως
1196 2534 1445 2617 περιειλοῦντες

133 2633 236 2715 ἐρίοις
260 2635 313 2698 καὶ
337 2635 480 2709 ταινίαις
501 2625 714 2717 ύφασμάτων
737 2635 861 2700 λινέων
884 2621 938 2718 (ἦν
962 2635 996 2699 δέ
1018 2626 1142 2709 κλάδος
1164 2623 1232 2698 άπὸ
1251 2635 1312 2717 τῆς
1327 2633 1446 2716 μορίας

132 2735 259 2814 ἐλαίας]
281 2735 338 2798 καὶ
354 2723 553 2816 ἀκροδρύοις
572 2736 750 2810 παντοίοις
765 2735 1028 2817 περιαρτώντες,
1051 2726 1180 2816 ἀνῆγον
1196 2734 1241 2810 είς
1256 2724 1446 2816 ἀκρόπολιν

134 2836 176 2916 τῇ
192 2825 335 2899 Πολιάδι
352 2823 525 2916 Ἀθηναῖοι
541 2835 805 2914 Παναθηναίοις,
830 2822 941 2909 ούτως
963 2831 1237 2915 ἐπευφημοῦντες
1255 2825 1445 2914 »εἰρεσιώνη

134 2935 219 2999 σῦκα
243 2934 337 3015 φέρει
359 2936 413 2999 καί
436 2933 543 3017 μῆλα(
569 2935 623 2996 καὶ
646 2927 728 3014 ἑξῆς.
750 2931 828 2995 P2M

82 3053 114 3106 25
221 3039 327 3110 1618
351 3026 404 3098 διὰ
427 3029 588 3116 Χριστοῦ]
612 3033 717 3098 τοῦτο
741 3033 794 3097 καὶ
818 3033 892 3112 περὶ
916 3031 989 3095 τών
1011 3021 1174 3112 Ἐβραίων
1196 3031 1299 3114 φησίν
1322 3017 1341 3094 6
1364 3019 1446 3094 άπό-

133 3138 266 3210 στολος,
290 3120 345 3197 ότι
369 3129 489 3209 έιος”
448 3156 508 3214 της
524 3151 677 3216 σημερον
702 3119 760 3196 ότε
780 3122 1045 3213 ἀναγινώσκεται
1062 3131 1196 3212 1ίωοῆς,
1220 3121 1374 3211 καλυμμα
1390 3125 1444 3192 ἐπι

134 3227 198 3317 τὴν
221 3232 363 3315 καρδίαν
386 3223 502 3298 αύτών
524 3245 641 3308 κεῖται,
664 3225 707 3314 μὴ
731 3221 1057 3313 άνακαλυπτόμενον
1080 3216 1134 3294 ότι
1153 3227 1189 3294 έν
1207 3227 1343 3312 Χριστῷ
1361 3215 1444 3292 άπα-

134 3326 352 3399 κυλύπτεται.
375 3331 427 3394 Μ3

223 3439 267 3508 11),
289 3437 329 3497 20
347 3421 480 3511 Ἅδυτα]
513 3425 567 3494 οία
600 3423 640 3494 τὰ
664 3421 826 3514 λεγόμενα
849 3431 912 3495 τοῦ
939 3429 1139 3510 Τροφωνίου
1160 3418 1226 3492 δπό
1248 3438 1363 3509 μυχοῖς
1386 3425 1445 3508 γῆς

84 3549 117 3602 30
137 3519 224 3598 ὄντα
248 3533 303 3596 καὶ
327 3525 407 3606 τούς
429 3529 495 3595 ἐκεῖ
514 3520 699 3607 κατιόντας
721 3523 969 3613 έμπλὴττοντα.
992 3528 1042 3592 M³

222 3639 268 3707 10,
291 3637 329 3698 21
355 3622 586 3714 Θεσπρώτιον]
609 3631 810 3711 Θεσπρωτία
832 3629 931 3713 μέρος
954 3629 1022 3695 ἐστὶ
1046 3628 1105 3710 γῆς
1129 3615 1220 3691 οῦτω
1242 3624 1448 3705 καλουμένης

136 3724 301 3814 Ἠπείρου,
333 3729 370 3795 ἐν
398 3717 417 3812 6
441 3728 575 3811 ἐλέγετο
594 3741 755 3810 μαντεῖον
785 3726 870 3794 εἶναι
895 3722 984 3806 Διός,
1016 3721 1070 3793 διὰ
1093 3717 1248 3809 λεβήτων
1270 3715 1449 3808 ἠχούντων

137 3855 214 3907 πως
237 3820 444 3914 γιγνόμενον.
467 3825 528 3890 ΡΜ

225 3931 398 4012 Κιρραῖον]
421 3920 485 3992 τὸν
509 3918 681 3992 Φωκικόν·
705 3929 812 4010 Κίρρα
835 3921 897 4010 γὰρ
920 3918 1020 4004 πόλις
1045 3925 1207 4000 Φωκίδος.
1229 3922 1290 3986 ΡΜ
1552 3991 1558 4002 ,

87 4044 120 4097 31
225 4037 272 4108 10,
293 4035 333 4096 22
356 4019 569 4111 γεράνδρυον]
602 4019 811 4110 γεράνδρυον
842 4026 878 4091 δὲ
908 4019 1055 4092 παλαιόν
1078 4017 1193 4106 ξύλον·
1236 4021 1273 4088 ἐν
1297 4014 1450 4104 Δινδῦμῳ

141 4131 175 4196 δὲ
199 4117 271 4211 όρει
295 4129 355 4212 τῆς
379 4129 526 4208 Κυζίκου
549 4130 732 4206 φαίνονται
755 4123 786 4191 οί
808 4117 1027 4209 Ἀργοναῦται
1058 4119 1122 4206 τὴν
1140 4111 1230 4187 Ῥέαν
1253 4111 1452 4204 ἐξευμενιζό-

142 4253 238 4314 μενοι
254 4223 387 4312 άγαλμα
402 4219 506 4310 αύτης
521 4226 558 4292 ἐκ
574 4227 722 4292 παλαιοῦ
738 4219 840 4307 ξύλου
855 4217 1041 4309 άμπελίνου
1056 4214 1375 4296 κατασκευάσαντες.
1391 4219 1452 4282 ΡΜ

226 4321 385 4412 ψάμμοις]
410 4329 496 4408 λέγει
520 4318 559 4390 τὸ
584 4324 620 4390 ἐν
637 4316 785 4408 Ἄμμωνι
808 4339 976 4408 μαντεῖον.
1000 4324 1060 4388 ΡΜ

230 4510 291 4564 231
306 4511 361 4578 vgl.
381 4509 453 4562 Plut.
472 4509 551 4560 Thes,
570 4509 616 4565 2&
635 4509 732 4561 Strom.
752 4507 789 4560 IV
809 4509 823 4560 Τ
843 4539 874 4545 -
892 4506 1003 4560 25-‘28
1024 4504 1078 4574 vgl.
1099 4503 1123 4555 11
1143 4503 1206 4556 Κοι.
1225 4503 1248 4567 3,
1269 4503 1360 4556 1614

229 4661 247 4714 4
267 4661 282 4728 6
301 4659 340 4728 δἐ]
360 4656 405 4726 ίίδε
440 4657 468 4712 δέ
489 4660 517 4726 ἡ]
538 4658 616 4710 θείην
632 4659 670 4724 ]ι”)
689 4657 763 4723 (2116
784 4658 814 4709 St
830 4659 833 4720 Ι
851 4658 887 4710 35
907 4655 1035 4728 Δινδύμην
1055 4654 1090 4706 111
1108 4651 1221 4719 διδύμωι
1239 4652 1287 4704 PM
