3510 5474
511 439 692 512 Paedagogus
710 443 743 496 ΙΙ.
762 442 828 512 Gap.
848 441 919 495 VIII.
938 442 979 510 70,
996 441 1089 508 4-73,
1107 445 1130 497 1.
1412 451 1470 513 201

158 601 301 693 ἀφίησιν
336 601 546 692 καρωτικόν,
588 601 636 686 τάς
676 609 830 693 ἐμφαίνει
869 610 925 674 καί
962 595 1115 693 τοῦνομα
1150 604 1471 695 ἐτυμολογοῦμενον.

158 701 339 794 νάρκισσος
361 709 397 775 δὲ
419 700 611 795 βαρῦοδμόν
633 708 725 776 ἐστιν
748 703 869 788 ἄνθος,
896 707 1021 792 ἐλέγχει
1048 709 1083 776 δὲ
1109 700 1194 774 αὐτὸ
1220 699 1240 793 ή
1262 714 1471 794 προσηγορία

158 800 289 891 νάρκαν
310 807 474 892 ἐμποιοῦν
496 823 569 886 τοῖς
591 801 731 891 νεόροις.
773 804 806 873 αί
834 809 869 874 δὲ
896 811 970 875 τῶν
992 799 1107 892 ῥόδων
1129 811 1184 876 καί
1206 812 1278 876 τῶν
1301 809 1365 877 ίων
1387 801 1505 876 ἀπο-4

158 908 263 992 φοραί
286 899 390 992 ῆσνχῆ
417 895 514 976 οὖσαι
540 912 665 994 φυχραὶ
691 909 911 975 συστέλλουσι
940 910 996 974 καί
1026 903 1249 990 ἐπιστῦφουσι
1279 903 1341 987 τὰς
1369 931 1470 994 καρη-

119 1011 287 1092 5βαρίας·
324 1001 402 1094 ήμῑν
438 1009 473 1074 δὲ
505 1000 565 1093 οῦχ
596 1000 793 1076 ὁπωστιοῦν
824 1001 1039 1093 συμμεθόειν,
1078 999 1153 1075 ἀλλ’
1184 1001 1262 1076 οῦδὲ
1291 1009 1469 1075 οἰνοῦσθαι

157 1108 412 1188 ἐπιτέτραπται.
443 1112 498 1176 ναί
519 1103 586 1195 μῆν
609 1099 629 1176 ό
649 1099 774 1193 κρόκος
795 1110 851 1174 καὶ
873 1109 934 1192 τῆς
954 1101 1088 1193 κόπρου
1109 1103 1150 1176 τὸ
1174 1102 1283 1186 ἀνθσς
1299 1109 1345 1186 είς
1358 1097 1470 1174 όπνον

157 1203 295 1276 άλυπον
315 1201 495 1294 ῦπάγετον.
526 1203 639 1275 πολλὰ
660 1209 697 1276 δὲ
712 1199 829 1274 αὐτῶν
843 1201 942 1290 φύσει
956 1201 1086 1291 φυχρὸν
1101 1196 1187 1274 όντα
1202 1201 1266 1274 τόν
1281 1208 1468 1293 ἐγκέφαλον
1487 1225 1503 1278 5

156 1299 352 1376 ἀναθάλπει
374 1322 449 1387 ταῖς
470 1300 664 1393 ἀποφοραῖς
679 1300 898 1376 λεπτῦνοντα
917 1308 979 1393 τῆς
992 1308 1142 1392 κεφαλῆς
1155 1300 1198 1374 τὰ
1213 1303 1469 1393 περιττεῦματα.

157 1406 321 1475 ἐντεῦθεν
342 1410 399 1476 καὶ
421 1402 462 1475 τό
478 1399 582 1492 ῥόδον
599 1400 851 1492 ἐπωνόμασται,
874 1409 987 1489 φασίν,
1011 1395 1066 1474 ότι
1085 1399 1248 1491 πάμπολυ
1263 1410 1325 1493 τῆς
1339 1398 1470 1493 ὀδωδῆς

102 1525 139 1580 10
157 1499 276 1592 ἀφίησι
297 1505 416 1593 ῥεῦμα·
459 1501 590 1575 διὸκαὶ
613 1508 746 1574 θᾶττον
768 1508 974 1591 μαραίνεται

241 1599 327 1676 Ἀλλ’
350 1601 428 1675 οῦδὲ
450 1603 540 1690 παρὰ
562 1621 636 1684 τοῖς
658 1596 808 1688 ἀρχαίοις
830 1608 903 1672 τῶν
924 1594 1105 1690 Ἑλλήνων
1131 1598 1152 1691 ῆ
1179 1609 1293 1691 χρῆσίς
1315 1631 1371 1674 πω
1395 1610 1469 1674 τῶν
1488 1627 1553 1693 721

156 1701 341 1790 στεφάνων
363 1695 415 1793 ῆν.
451 1695 531 1774 οὔτε
553 1701 615 1792 γάρ
639 1705 670 1774 σί
691 1697 879 1790 μνήστορες
901 1692 978 1770 οὗθ’
1001 1703 1035 1770 οί
1056 1697 1267 1788 ἁβροδίαιτοι
1287 1707 1467 1791 κέχρηνται

158 1810 305 1886 Φαίακες
323 1799 450 1886 ἀῦτοίς
489 1808 528 1873 ἐν
550 1807 585 1874 δέ
608 1821 680 1884 τοῖς
699 1809 704 1886 Ι
723 1797 829 1890 ἀγῶσι
851 1807 996 1888 πρῶτον
1018 1796 1039 1889 ή
1061 1808 1134 1872 τῶν
1156 1801 1278 1874 ἀθλων
1300 1799 1391 1883 δόσις
1413 1795 1465 1891 ῆν,
1485 1819 1569 1873 213Ρ

156 1902 318 1992 δεύτερον
339 1908 375 1973 δὲ
397 1898 416 1974 ό
439 1897 669 1991 περιαγερμός,
692 1908 813 1989 τρίτον
833 1895 854 1988 ή
877 1907 1100 1986 φυλλοβολία,
1131 1909 1327 1972 τελευταῖον
1353 1897 1373 1974 ό
1395 1909 1467 1972 στί·
1563 1959 1569 1966 .

101 2023 136 2076 15
155 2031 277 2089 φανος,
300 2006 452 2074 ἐπίδοσιν
473 2000 640 2091 λαβούσης
662 2007 708 2082 είς
731 1997 866 2089 τρυφήν
887 2005 949 2089 τῆς
969 1994 1128 2084 Ἑλλάδος
1149 2000 1234 2090 μετὰ
1256 2000 1299 2071 τὰ
1321 2000 1465 2090 Μηδικά.

156 2107 328 2191 εἴργονται
350 2109 469 2173 τοίνυν
490 2097 673 2188 στεφάνων
700 2105 733 2172 οἱ
755 2105 805 2188 τῷ
830 2094 923 2188 λόγῳ
948 2099 1278 2196 παιδαγωγοῦμενοι,
1309 2097 1371 2172 οῦκ
1393 2104 1465 2172 ἐπεὶ
1484 2125 1500 2176 2

154 2209 315 2274 καταδεῖν
337 2207 496 2274 δοκοῦσιν
525 2198 589 2272 τόν
615 2195 720 2288 λόγον
745 2204 782 2270 ἐν
809 2197 986 2289 ἐγκεφάλῳ
1014 2205 1142 2273 τοῦτον
1172 2203 1364 2290 ἱδρυμένον,
1396 2197 1466 2273 οὐδ’

155 2297 213 2376 ὅτι
226 2306 441 2391 κωμαστικῆς
456 2296 638 2390 ἀγερωχίας
654 2298 823 2389 σύμβολον
838 2294 856 2370 ό
873 2305 1042 2387 στέφανος
1056 2303 1106 2387 εἴη
1123 2298 1209 2390 <ἄν>,
1230 2297 1319 2373 ἀλλά
1334 2300 1396 2391 γάρ
1412 2295 1466 2373 ότι

155 2421 229 2485 τοῖς
251 2400 407 2484 εἰδώλοις
428 2396 700 2489 κατωνόμασται.
744 2395 762 2470 ό
785 2404 869 2488 γοῦν
891 2405 1078 2490 Σοφοκλῆς
1100 2398 1164 2471 τὸν
1185 2397 1367 2490 νάρκισσον
1392 2399 1465 2488 »ἀρ-
1484 2429 1500 2481 3

99 2519 136 2574 20
153 2519 253 2590 χαῖον
273 2498 433 2589 μεγάλων
460 2507 556 2572 θεῶν
587 2495 810 2588 στεφάνωμαι
845 2517 1021 2586 προσεῖπε,
1054 2506 1128 2571 τῶν
1157 2509 1313 2590 χθονίων
1343 2509 1465 2591 λέγων·

154 2598 248 2692 ῥόδῳ
272 2604 308 2671 δέ
329 2599 391 2682 τὰς
414 2599 552 2682 Μοῦσας
574 2600 712 2686 Σαπφώ
734 2605 953 2686 καταστέφει·

576 2727 617 2803 οῦ
639 2731 701 2821 γάρ
723 2727 817 2816 Ιάπ’
840 2727 942 2822 ἀρχῆς
964 2730 1080 2820 ῥόδων

576 2839 649 2902 τιῦν
672 2835 708 2902 ἐκ
730 2838 877 2918 Πιερίας·

154 2975 262 3056 κρίνω
285 2971 320 3037 δὲ
342 2963 483 3054 ἥδεσθαι
505 2964 570 3055 τῆν
583 2960 689 3052 Ἥραν
712 2971 815 3052 φασίν
836 2971 891 3036 καὶ
915 2961 1144 3056 τῆν”Αρτεμιν
1166 2975 1317 3058 μυρρίνη.
1352 2973 1381 3038 εἰ
1401 2967 1464 3058 γάρ
1483 2995 1499 3045 4

100 3085 135 3139 25
153 3073 211 3138 καί
240 3063 284 3138 τά
314 3063 460 3156 μάλιστα
485 3072 547 3155 μὲν
576 3060 617 3135 δι’
649 3064 841 3153 ἄνθρωπον
870 3071 987 3154 γέγονε
1017 3064 1059 3136 τά
1091 3063 1195 3155 ἄνθη,
1226 3073 1334 3138 ταῦτα
1365 3073 1400 3138 δὲ
1431 3071 1464 3140 οἱ

154 3163 298 3256 ἀνόητοι
318 3164 483 3251 λαβόντες
506 3161 567 3236 οῦκ
589 3172 636 3247 εἰς
658 3164 722 3254 τῆν
744 3170 834 3237 ίδίαν
857 3160 1054 3254 εὐχάριστον
1074 3172 1205 3255 χρῆσιν,
1234 3163 1308 3238 ἀλλ’
1332 3171 1377 3250 είς
1399 3166 1464 3256 τῆν

154 3273 229 3338 τῶν
251 3272 438 3356 δαιμονίων
460 3261 644 3353 ἀχάριστον
664 3262 850 3353 ῦπηρεσίαν
871 3260 1133 3355 κατεχρήσαντο,
1157 3262 1325 3354 ἀφεκτέον
1347 3264 1464 3339 αὐτῶν

156 3365 230 3438 »διά
252 3364 318 3456 τῆν
339 3371 557 3455 συνείδησινι.
579 3360 752 3454 ἀοχλήτου
774 3369 809 3436 δὲ
832 3359 1025 3454 ἀμεριμνίας
1047 3361 1066 3436 ό
1090 3373 1259 3454 στέφανος
1282 3365 1462 3456 σύμβολον·
1483 3397 1546 3460 ?3,1

240 3603 348 3660 18-15
369 3602 424 3674 vgl.
442 3602 581 3658 Eratosth.
599 3602 642 3656 Fr.
655 3603 688 3658 20
702 3602 803 3658 Miiller
820 3621 847 3672 p.
864 3604 914 3659 203
924 3619 963 3672 sq.
982 3633 1015 3644 -
1034 3603 1095 3660 121
1119 3604 1202 3674 Soph.
1221 3605 1290 3661 Oed.
1309 3606 1367 3662 Col.
1385 3609 1455 3662 6631
1458 3627 1463 3668 ;

153 3687 211 3758 vgl.
228 3686 303 3742 Plut„
320 3687 389 3742 Mor.
407 3705 433 3758 p.
445 3687 531 3742 647ss
549 3684 592 3742 διὸ
610 3689 659 3742 καί
677 3684 694 3743 ά
712 3691 864 3758 Σοφοκλῆς
882 3685 969 3744 αὐτὸν
989 3683 1128 3758 »ἀρχαῖον
1143 3720 1176 3728 -
1195 3691 1382 3762 στεφάνωμα·
1401 3690 1464 3746 τοί-

152 3769 229 3828 τέαιι
245 3777 304 3827 τῶν
320 3772 456 3842 χθονίων,
482 3771 697 3845 προσηγόρευκε
717 3806 749 3813 -
767 3773 1017 3845 221Ι6ορρ1ιοβι.
1035 3773 1080 3844 68j;
1109 3775 1164 3843 vgl.
1190 3773 1268 3832 Eltor
1286 3777 1383 3831 Gnom.
1401 3776 1463 3830 hist.

152 3873 220 3912 τετε
240 3858 322 3912 12-
341 3857 414 3913 281
433 3857 496 3912 Kor.
516 3856 556 3920 10,
574 3857 615 3912 25.
633 3857 666 3912 27

220 4057 239 4113 6
258 4053 419 4114 ὁπωστιοῦν
437 4057 472 4111 1³³
489 4054 568 4128 ὅπως
584 4061 626 4125 τίς
645 4051 695 4116 οὖν
713 4058 751 4113 P*
767 4060 772 4126 Ι
789 4061 803 4115 7
825 4055 969 4129 ῦπάγετον
985 4059 1020 4113 P³
1043 4053 1186 4131 ῦπαγέτην
1203 4061 1241 4113 Ρ*
1257 4063 1261 4129 Ι
1276 4064 1295 4117 θ
1314 4058 1462 4130 ἐπωνόμα-

152 4157 216 4198 σται
233 4141 272 4195 Ρ*
288 4138 497 4210 ἐπωνομάσθαι
513 4143 550 4197 1³²
567 4140 739 4214 ὠνομάσθαι
757 4143 862 4204 Cobet!
880 4145 918 4199 16
936 4138 1035 4201 άθλων
1054 4144 1199 4212 Ferrarius,
1217 4145 1258 4200 De
1275 4147 1330 4201 τοί.
1349 4145 1461 4200 aeolum.

150 4230 180 4282 εί
195 4227 293 4297 plausu
312 4227 401 4296 (1627)
420 4229 446 4282 ΙΙ
466 4245 492 4298 p.
512 4231 562 4286 132
579 4225 713 4299 ἀθλητῶν
731 4229 752 4282 Ρ
768 4233 773 4290 Ι
790 4230 828 4285 14
846 4228 1041 4300 περιαγερμδς
1060 4227 1154 4294 Cobet,
1173 4231 1305 4285 Mnemon
1325 4234 1355 4285 11
1374 4231 1461 4296 (1862Ι

149 4328 176 4382 p.
194 4311 246 4368 388
263 4310 330 4381 (ng.
350 4310 432 4367 Plato
450 4313 516 4384 Rep.
535 4315 559 4368 X
577 4332 603 4385 p.
622 4317 670 4371 621
684 4315 718 4383 D)
738 4312 897 4387 έπεγερμός
914 4313 936 4367 Ρ
955 4309 1118 4386 ἐπαγερμδς
1134 4315 1272 4369 Ferrarius
1295 4315 1300 4382 Ι
1326 4314 1387 4371 161
1401 4311 1463 4369 ἐπεὶ

150 4396 284 4452 καταδεῖν
296 4395 332 4465 Sy
350 4391 531 4454 έπικαταδεῖν
552 4400 574 4453 Ρ
594 4400 599 4468 Ι
624 4401 662 4456 18
681 4395 745 4469 [εἴη]
766 4399 814 4454 Ma
837 4401 841 4466 Ι
865 4392 929 4466 (ἀν)
948 4398 979 4452 st
1001 4403 1007 4462 Ι
1030 4397 1438 4471 [γάρ]1)1112γσῦν]γάρ1“
1457 4399 1461 4466 Ι

153 4480 214 4536 Ῑθί
228 4475 351 4553 ἀρχαίαν
364 4481 399 4534 F²
416 4479 544 4554 ἀρχαίων
556 4483 615 4539 m
630 4486 634 4552 Ι
649 4483 790 4553 μεγάλαιν
808 4487 895 4558 θεαῖν
907 4481 1031 4552 ἀρχαῖον
1049 4481 1222 4553 στεφάνωμα
1234 4485 1316 4554 Soph.
1331 4490 1336 4552 Ι
1352 4484 1391 4539 22
1411 4475 1463 4538 ἀπ’

152 4561 242 4638 ἀρχῆς
259 4565 281 4620 Ρ
298 4563 427 4635 μετέχεις
444 4566 520 4621 Stob.
538 4567 611 4623 βίον.
628 4572 653 4634 4,
672 4571 705 4624 12
723 4567 849 4640 πεδέχεις
866 4567 939 4622 Ρίιιί.
958 4568 1028 4623 Mor.
1046 4585 1073 4638 p.
1092 4571 1142 4624 146
1153 4572 1194 4633 Δ;
1220 4567 1379 4638 64612128
1398 4568 1460 4623 Πιε·

151 4651 216 4722 ρίας
228 4650 302 4705 plut.
315 4649 390 4706 Stob.
409 4651 573 4724 περιεργίας
590 4653 612 4706 Ρ
