3520 5498
323 438 379 498 142
913 432 1045 488 Clemens.

320 591 456 683 ἀγαθὴν
478 594 698 685 κατήγγειλεν
722 593 948 683 δικαιοσύνην,
974 591 1101 677 »οὐδεὶς
1122 597 1209 685 ἐγνω
1233 593 1296 666 τὸν
1318 593 1395 666 υἱὸν
1418 598 1513 686 εἰμὴ
1537 592 1635 668 ῦπα-

320 694 401 782 τίγρι
436 699 554 784 λέγων,
586 693 684 768 ιοῦδέ
716 693 780 767 τὸν
811 702 944 784 πατέρα
975 701 1004 765 εί
1024 694 1069 784 μὴ
1092 689 1111 765 6
1133 692 1234 778 υίόςι.
1277 689 1363 784 αῦτη
1386 692 1406 784 6
1431 691 1665 768 ἀνακαίων-3

320 793 464 866 τεύουσα
494 803 619 883 γνῶσις
650 792 701 867 ἐπ’
733 800 805 883 ἴσης
838 793 1051 884 δικαιοσύνης
1073 791 1212 884 ἀρχαίας
1233 793 1414 882 σύμβολον.
1458 797 1578 869 ἔπειτα
1600 805 1633 868 δὲ

320 897 375 965 ἐπὶ
409 894 489 977 τοῦς
523 892 734 982 ἀνθρώπους
765 901 993 983 καταβέβηκεν
1024 891 1045 983 6
1075 893 1271 985 δικαιοσύνη
1301 901 1357 966 καὶ
1388 894 1560 986 γράμματι
1582 906 1637 968 καὶ

286 995 460 1082 ῦοώματι,
491 1002 541 1084 τῷ
573 991 667 1083 λόγῳ
698 1000 754 1065 καὶ
785 1002 836 1084 τῷ
856 993 978 1084 νόμῳ,
1010 1001 1058 1076 είς
1078 990 1263 1083 μετάνοιαν
1284 993 1350 1083 τὴν
1372 991 1636 1084 ἀνθρωπότητα

319 1100 498 1182 βιιιςομένη
529 1092 713 1183 σωτήριον·
757 1089 869 1182 ἀγαθὴ
898 1093 961 1184 γάρ
983 1086 1035 1182 ἦν.
1077 1089 1152 1165 ἀλλ’
1175 1089 1450 1182 οῦχ,ῦπακοῦεις
1472 1103 1525 1184 τῷ
1550 1102 1635 1183 θεῷ·

321 1191 464 1263 σεαυτὸν
487 1199 588 1264 αίτιῶ
611 1191 675 1264 τὸν
696 1193 817 1282 κριτὴν
838 1195 1084 1282 ἐπισπώμενος.

363 1447 401 1510 Χ.
422 1433 494 1510 ῐὈτι
521 1435 539 1510 6
562 1436 665 1524 αὐτὸς
695 1439 777 1523 θεὸς
806 1440 860 1512 διά
890 1446 954 1512 τοῦ
983 1437 1089 1513 αὐτοῦ
1117 1437 1221 1529 λόγου
1252 1447 1308 1511 καὶ
1335 1437 1492 1531 ἀπείργει
1520 1450 1594 1512 τῶν

397 1535 574 1629 άμαρτιῶν
596 1536 748 1612 ἀπειλῶν
770 1547 826 1610 καὶ
848 1540 947 1630 σώζει
969 1539 1035 1630 τὴν
1057 1536 1317 1630 ἀνθρωπότητα
1339 1548 1564 1628 παρακαλῶν.

270 1730 303 1784 10
406 1709 447 1775 Εί
468 1713 587 1776 τοίνυν
609 1703 675 1794 τὴν
696 1713 773 1791 περὶ
788 1703 830 1776 τὸ
845 1704 1043 1792 ἐπιστῦφειν
1064 1705 1130 1795 τὴν
1144 1703 1404 1795 άνθρωπὸτητα
1421 1712 1634 1794 οἰκονομίαν.
1651 1729 1704 1782 361

321 1801 456 1894 ἀγαθὴν
479 1798 584 1876 οῦσαν
604 1814 661 1875 καὶ
683 1804 867 1896 σωτήριον,
895 1801 1134 1894 ἀναγκαίως(
1112 1805 1180 1877 υπὸ
1203 1812 1266 1876 τοῦ
1288 1803 1393 1895 λόγου
1413 1816 1634 1927 παραλαμβα-

322 1913 469 1995 νομένην
499 1910 714 1992 ἐπεδείξαμεν
745 1901 831 1992 πρός
862 1935 900 1975 τε
929 1903 1115 1994 μετάνοιαν
1143 1913 1199 1976 καὶ
1226 1902 1312 1995 πρὸς
1347 1913 1422 1976 τῶν
1457 1901 1635 1994 άμαρτιῶι

321 2005 389 2095 τὴν
409 2007 561 2077 κώλυσιν
584 1997 728 2074 εῦθετον
751 2010 952 2094 γενομένην,
984 2005 1058 2092 ἑξῆς
1080 2001 1123 2074 6v
1146 2009 1195 2094 ειη
1218 2024 1356 2077 σκοπεῖν
1379 2004 1420 2076 τὸ
1443 2001 1549 2094 ἤπιον
1572 2013 1635 2077 τοῦ

322 2102 440 2192 λόγου·
471 2110 600 2185 δίκαιος
632 2103 694 2192 γάρ
721 2095 824 2185 οὗτος
852 2100 1089 2176 ἀποδέδεικται
1120 2111 1175 2174 καὶ
1204 2103 1266 2228 τάτς
1296 2109 1383 2186 ἰδίας
1404 2113 1634 2192 παρατίθεται

270 2227 303 2280 15
322 2205 460 2292 γνώμας
482 2202 544 2285 τάς
566 2201 652 2292 πρὸς
674 2212 848 2293 σωτηρίαν
869 2201 1138 2292 παρακλητικάς,
1161 2199 1207 2274 δι
1232 2195 1284 2274 ών
1304 2211 1360 2274 καί
1383 2202 1424 2274 τὸ
1446 2204 1557 2275 καλὸν
1578 2213 1633 2274 καὶ

321 2303 362 2374 τὸ
386 2310 559 2391 συμφέρον
581 2311 737 2393 πατρικῷ
760 2301 928 2392 θελήματι
951 2312 1126 2393 γνωρίζειν
1148 2300 1227 2392 ἡμῖν
1248 2301 1411 2388 βσῦλεται.
1455 2302 1575 2376 σκόπει
1597 2309 1633 2374 δὲ

321 2409 442 2473 ταῦτα·
471 2400 512 2472 τὸ
533 2409 595 2490 μὲν
614 2408 617 2488 Ι
636 2403 745 2474 καλὸν
768 2409 830 2473 τοῦ
852 2407 1133 2492 ἐγκωμιαστικοῦ,
1155 2401 1197 2473 τὸ
1219 2410 1254 2474 δέ
1275 2409 1448 2492 συμφέρον
1470 2409 1534 2474 τοῦ
1555 2426 1628 2492 συμ-
1650 2421 1737 2478 1511).

322 2507 554 2584 βουλευτικοῦ·
584 2508 639 2571 καὶ
669 2502 733 2590 γάρ
765 2493 827 2572 οὖν
857 2511 919 2574 τοῦ
948 2509 1008 2592 μὲν
1038 2509 1323 2591 συμβουλευτικοῦ
1349 2507 1456 2590 σχέσις
1483 2501 1524 2573 τὸ
1547 2531 1631 2591 προ-

322 2601 509 2688 τρεπτικόν
531 2609 585 2672 καὶ
609 2598 874 2691 ἀπυτρεπτικὸν,
898 2609 960 2672 τοῦ
982 2608 1017 2672 δὲ
1039 2606 1305 2691 ἐγκωμιαστικοῦ
1327 2601 1401 2690 <τό>
1417 2599 1633 2674 ἐπαινετικόν

269 2721 303 2776 20
321 2730 359 2773 τε
379 2709 436 2772 καὶ
456 2701 624 2786 ψεκτικὸν
646 2710 784 2789 γίνεται.
813 2708 889 2781 πῶς
911 2703 973 2790 γάρ
996 2705 1115 2789 ἐχουσα
1137 2697 1158 2790 6
1177 2699 1308 2774 διάνοια
1330 2697 1632 2790 ἡσυμβουλειπικὴ

320 2799 555 2891 προτρεπτικὴ
587 2808 715 2889 γίνεται
742 2809 894 2885 καὶπῶς
917 2804 1035 2890 ἐχουσα
1058 2799 1299 2891 άποτρεπτικὴ.
1336 2797 1504 2884 ώσαῦτως
1527 2808 1562 2872 δὲ
1577 2811 1663 2878 καὶ3

321 2901 362 2973 τὸ
393 2900 663 2991 ἐγκωμιαστικὸν
693 2909 769 2984 πῶς
800 2906 860 2990 μὲν
892 2904 970 2989 ἐχον
1004 2899 1168 3022 ηεκτικόν
1198 2907 1341 2989 γίνεται
1377 2907 1453 2982 πῶς
1484 2907 1519 2971 δὲ
1553 2905 1631 2988 ἔχον

320 2997 551 3073 ἐπαινετικάν·
580 3007 659 3088 περὶ
686 2997 707 3070 6
728 3009 946 3088 καταγίνεται
974 2997 1119 3088 μάλιστα
1141 3030 1160 3072 ο
1150 2995 1438 3089 (παιδαγωγὸῌ
1420 3030 1439 3071 ο
1462 2996 1630 3082 δίκαιος
1612 3031 1630 3070 ο

320 3131 383 3172 του
367 3098 570 3224 ἡμετέρου
592 3104 826 3188 συμφέροντος
848 3105 1099 3188 ἐστοχασμένος.
1132 3097 1220 3172 ἀλλὰ
1242 3098 1305 3219 γάρ
1327 3099 1369 3170 τὸ
1391 3105 1453 3189 μὲν
1467 3099 1664 3200 ψεκτικὸνι

269 3221 302 3274 25
320 3209 375 3273 καὶ
397 3198 654 3289 ἀποτρεπτικδν
684 3202 771 3284 είδος
792 3196 1027 3271 ἀποδέδεικται
1049 3195 1128 3288 ἡμῖν
1150 3195 1213 3289 ἥδη
1235 3198 1420 3287 πρότερον,
1448 3206 1513 3272 νῦν
1535 3207 1571 3270 δὲ
1591 3203 1631 3270 αὐ

321 3301 362 3371 τὸ
388 3296 643 3420 προτρεπτικόν
673 3308 731 3371 καὶ
757 3297 974 3370 ἐπαινετικὸυ
1005 3306 1277 3417 μεταχειριστέαν
1306 3305 1362 3368 καὶ
1389 3296 1548 3387 καθάπερ
1578 3303 1631 3370 ἐπὶ

322 3406 422 3488 ζυγοῦ
452 3398 514 3482 τάς
543 3396 798 3480 ίσοστασίους’
778 3398 1064 3487 αντιοηκώσωμεν
1091 3405 1154 3470 τοῦ
1176 3402 1306 3469 δικαίου
1327 3395 1548 3487 πλάστιγγας.

407 3506 452 3586 Τῇ
470 3504 531 3588 μὲν
547 3491 609 3569 οῦν
623 3503 677 3568 ἐπὶ
692 3498 736 3568 τὰ
751 3503 968 3586 συμφέροντα
983 3507 1166 3589 προτροπῇ
1182 3493 1201 3569 6
1216 3496 1435 3587 παιδαγωγὸς
1451 3498 1507 3570 διά
1523 3507 1629 3569 Σολο·
1647 3519 1705 3581 σοι

320 3606 457 3688 μῶντος
471 3589 540 3668 ῶδέ
553 3626 627 3680 πως
641 3604 772 3686 χρῆται·
799 3599 882 3685 »ἐγώ
892 3594 985 3686 ῦμάς,
997 3597 1190 3686 άνθρωποι,
1201 3604 1389 3685 παρακαλῶ
1405 3605 1461 3667 καὶ
1472 3603 1629 3687 προΐεμαι

269 3716 303 3770 30
321 3696 404 3786 ἐμὴν
426 3695 549 3786 φωνὴν
570 3700 654 3778 υἱοῖς
677 3694 890 3784 ἀνθρώπων·
918 3696 1129 3770 ἐπακοῦσατέ
1149 3727 1227 3787 μου,
1255 3695 1358 3786 σεμνὰ
1381 3697 1444 3786 γάρ
1467 3702 1553 3784 ἐρῶι
1577 3703 1629 3766 καὶ

321 3797 363 3868 τά
387 3798 469 3887 ἑξῆς.
513 3794 727 3885 συμβουλεύει
754 3803 789 3868 δὲ
816 3795 858 3867 τά
881 3795 1046 3886 σωτήρια,
1077 3789 1132 3868 ὅτι
1153 3795 1173 3887 6
1197 3796 1365 3886 συμβουλὴ
1396 3794 1484 3885 πρὸς
1507 3799 1629 3884 αἵρεσίν

320 3902 390 3968 ἐστι
421 3903 475 3967 καὶ
507 3895 617 3985 φυγὴν
655 3892 858 3984 ἐπιτήδειος,
893 3901 1050 3986 καθάπερ
1085 3917 1178 3970 ποιεῖ
1209 3897 1263 3970 διὰ
1295 3903 1357 3968 τοῦ
1388 3901 1493 3984 Ααβίδ
1523 3902 1629 3984 λέγων

323 3995 504 4088 »μακάριος
526 3993 613 4084 ἀνὴρ
629 3989 667 4078 ῦς
682 3991 745 4065 οῦκ
766 3994 935 4084 ἐπορεύθη
958 4001 996 4067 ἐν
1018 4004 1123 4086 βουλῇ
1145 3994 1278 4081 ἀσεβῶν
1300 4003 1354 4068 καὶ
1377 4001 1415 4067 ἐν
1439 3991 1512 4084 δδῷ
1534 3991 1629 4084 ἀμαρ-

406 4201 450 4256 11
465 4202 565 4257 Matth.
586 4204 625 4267 11,
635 4203 681 4264 27;
699 4201 769 4257 Luk.
781 4203 822 4268 10,
835 4202 868 4254 22
879 4231 913 4240 -
926 4199 991 4256 291
1006 4201 1085 4256 Prov.
1097 4202 1121 4268 8,
1134 4206 1158 4256 4.
1171 4204 1187 4256 6
1199 4231 1233 4240 -
1245 4199 1344 4256 83-8.
1358 4198 1429 4263 143,
1447 4201 1465 4256 2
1478 4199 1552 4253 Psal.
1565 4197 1632 4265 1,1f

406 4369 424 4423 3
443 4365 564 4438 ἀρχαίας
581 4370 644 4438 <καί
662 4361 777 4438 ἀγάπης
803 4367 881 4436 νέας)
901 4369 981 4424 Sohw
1005 4371 1008 4436 Ι
1033 4371 1051 4426 8
1071 4366 1086 4424 6
1105 4366 1199 4438 αι’τδς]
1219 4365 1304 4434 αὐτὸς
1331 4364 1387 4422 δῦ
1408 4367 1446 4420 im
1465 4366 1628 4420 Inhaltsver·

320 4452 439 4507 zeiehnis
466 4471 511 4506 am
530 4453 641 4523 Anfang
668 4455 715 4507 des
734 4455 823 4508 Buchs
839 4455 843 4522 Ι
861 4455 920 4510 llt
943 4453 1243 4526 παραλαμβανομένην
1261 4453 1324 4506 F²M
1347 4447 1628 4524 παραλαμβανομένη

320 4537 449 4673 Ρ*.ΙΗ18
476 4532 539 4605 ἑξῆς
559 4537 603 4591 Μ2
621 4534 651 4603 ἐξ
668 4535 701 4609 ἧς
718 4539 784 4592 FM*
800 4540 804 4606 Ι
822 4539 860 4594 14
879 4540 1091 4611 παρατίθεσθαι
1109 4539 1207 4607 Schwl
1226 4538 1263 4594 19
1291 4535 1353 4606 (τὸ)
1371 4534 1583 4604 ΜίίυκεΙΙθθῐ
1597 4529 1628 4601 [6]

322 4639 373 4675 του
417 4637 479 4689 eyse
