3520 5498
484 455 666 526 Paedagogus
684 458 704 514 I.
723 458 786 528 Cap.
806 456 879 510 VIII.
897 459 939 522 64,
956 455 1049 524 4-68,
1069 459 1092 510 1.
1382 462 1440 524 129

127 617 240 709 φόγσς
262 615 325 691 οάκ
347 623 567 706 ἐξεκαλέσατο
591 623 636 703 είς
659 628 834 710 σωτηρίαν
852 617 1008 709 καθάπερ
1025 617 1172 706 νεκρούς,
1194 615 1339 700 τούτους
1354 618 1440 706 πρὸς

126 718 298 810 άλήθειαν
327 715 348 808 6
373 727 567 809 βλασφημία
598 727 816 810 διανίστησιν.
862 718 1037 810 »μάστιγες
1067 718 1129 809 γάρ
1160 726 1216 790 καί
1241 725 1377 790 παιδεία
1403 723 1441 788 ἐν

126 830 236 893 παντὶ
266 827 373 909 καιρῷ
404 827 536 916 σοφίας.
578 828 778 909 συγκολλῶν
809 813 979 910 ὄστρακον
1007 825 1064 890 καὶ
1095 815 1265 890 διδάσκων
1290 815 1436 907 μωρόυι,

126 928 176 1005 είς
199 925 359 1009 αἴσθησιν
382 917 486 1008 άγων,
505 927 510 1004 Ι
530 928 618 1008 φησί,
640 919 707 1010 τήν
728 927 793 1010 γῆν
814 927 868 992 καὶ
884 919 948 993 τόν
962 917 1226 1008 άπηλίπισμένον
1242 924 1289 1000 είς
1304 916 1438 990 σύνεσιν
1457 923 1540 980 138Ρ
1558 929 1589 982 51
1607 923 1625 978 S

91 1017 274 1108 δόξάνων.
316 1017 372 1090 διά
401 1025 507 1090 τοῦτο
538 1024 689 1109 ἐναργῶς
720 1019 900 1111 ἐπήγαγεν·
934 1023 1127 1108 »ἐξεγείρων
1158 1017 1372 1091 καθεύδοντα
1402 1022 1441 1090 ἐκ

127 1126 256 1207 βαθέος
278 1111 418 1202 άπνου,ι
443 1113 482 1202 ός
502 1127 578 1191 τῶν
600 1118 718 1193 ἄλλων
739 1117 885 1209 μάλιστα
900 1117 1046 1209 θανάτῳ
1063 1122 1181 1192 ἔοικεν.
1210 1127 1265 1189 καὶ
1280 1117 1321 1208 δή
1338 1115 1440 1201 αὐτὸς
1458 1129 1475 1180 4

128 1227 209 1308 περὶ
230 1215 338 1292 αὐτοῦ
358 1225 554 1305 σαφέστατα
575 1215 594 1291 6
617 1217 732 1308 κύριος
754 1226 921 1308 ἐκφαίνει,
943 1218 1008 1308 τήν
1023 1218 1247 1308 πολύτροπον
1267 1225 1323 1290 καὶ
1337 1230 1441 1290 πολυ-

130 1326 249 1410 ωφελῆ
281 1326 470 1408 θεραπείαν
497 1315 714 1409 άλληγσρῶν,
742 1317 890 1410 ὁπηνίκα
920 1321 1030 1391 είπών
1054 1319 1139 1408 »ἐγώ
1163 1322 1227 1406 είμι
1249 1313 1269 1408 6
1293 1317 1442 1408 ἄμπελος

129 1417 149 1510 6
174 1416 340 1509 ἀληθινή,
362 1427 418 1488 καί
441 1412 460 1489 6
482 1417 596 1508 πατήρ
616 1449 682 1509 μου
704 1415 722 1492 6
745 1417 894 1510 γεωργός
916 1423 1036 1503 ἐστιν,ι
1061 1421 1136 1490 είτα
1154 1415 1322 1508 ἐπήγαγεν
1336 1413 1443 1488 πάλιν

81 1533 113 1587 10
133 1525 223 1592 »πᾶν
249 1525 360 1608 κλῆμα
386 1522 424 1588 ἐν
450 1523 521 1608 ἐμοὶ
547 1518 592 1608 μή
615 1527 722 1609 φέρον
743 1518 877 1608 καρπόν
903 1525 987 1608 αίρει
1009 1515 1106 1604 αότό,
1133 1529 1189 1590 καλ
1210 1524 1282 1590 πᾶν
1303 1515 1344 1589 τὸ
1367 1545 1443 1604 καρ-

130 1625 314 1707 ποφοροῦν
340 1627 510 1706 καθαίρει,
538 1622 595 1690 ίνα
620 1617 754 1706 καρπόν
775 1627 883 1691 πλείω
905 1625 1017 1708 φέρη.ι
1062 1626 1295 1707 καθυλομανει
1313 1617 1376 1706 γὰρ
1397 1615 1442 1705 μή

131 1725 360 1808 κλαδευομένη
389 1715 410 1807 6
441 1718 605 1808 ἄμπελος,
636 1713 750 1802 οὕτως
780 1726 816 1791 δὲ
846 1727 902 1790 καὶ
933 1715 1176 1808 όάνθρωπος·
1218 1724 1374 1805 καθαίρει
1405 1723 1474 1794 δὲῇ
1526 1753 1530 1760 ·

132 1815 240 1890 αὐτοῦ
261 1818 322 1900 τὰς
340 1817 573 1908 ἐξυβριζοόσας
588 1816 812 1908 παραφυάδας
834 1813 852 1890 6
876 1815 977 1907 λόγος
993 1814 1013 1908 6
1029 1815 1183 1907 μάχαιρα,
1198 1833 1440 1906 καρποφορεῖν,

132 1914 195 1990 οὐκ
217 1922 395 2006 ἐπιθυμεῖν
417 1918 478 2000 τὰς
502 1914 628 2006 ὀρέξεις
646 1915 844 2006 ἀναγκάσας.
877 1916 897 2007 6
919 1924 955 1989 δὲ
976 1916 1063 2005 πρὸς
1084 1919 1166 2001 τοὺς
1180 1913 1441 2007 ἁμαρτάνοντας

83 2035 114 2088 15
132 2023 310 2108 ἐπίπληξις
332 2021 396 2105 ἔχει
418 2016 551 2090 σκοπόν
574 2017 638 2108 τήν
660 2027 847 2108 σωτηρίαν,
870 2021 1169 2108 μεθαρμοςομένου
1191 2022 1360 2104 μουσικῶς
1378 2019 1442 2086 τοῦ

133 2114 240 2206 λόγου
271 2115 358 2188 κατὰ
388 2117 469 2200 τούς
501 2122 645 2203 οἰκείους
675 2116 830 2190 ἑκάστων
861 2115 1023 2207 τρόπους,
1054 2123 1103 2205 πῇ
1123 2123 1185 2205 μὲν
1206 2120 1439 2196 ἐπιτείνοντος

133 2335 236 2406 ρεῑτε,
260 2316 373 2388 ἐνεκεν
394 2322 458 2386 τοῦ
478 2314 635 2404 πειράσαι
655 2313 740 2404 ὑμᾶς
761 2313 977 2407 παρεγενήθη
999 2312 1018 2388 6
1041 2313 1136 2400 θεός,
1164 2309 1260 2398 όποις
1283 2311 1326 2384 ἐν
1346 2319 1441 2402 γένη-

134 2443 190 2488 ται
217 2410 236 2486 6
260 2411 368 2503 φόβος
392 2410 499 2486 αὐτοῦ
526 2421 562 2487 ἐν
588 2413 680 2506 ὗμιν,
712 2421 768 2488 ίνα
789 2417 834 2506 μή
857 2413 1098 2505 δμαρτάνητεπ
1144 2421 1307 2488 ἐντεῦθεν
1328 2420 1442 2494 καλῶς

83 2533 116 2587 ‘20
132 2523 188 2587 καὶ
210 2509 230 2586 6
253 2512 404 2587 Πλάτων
433 2517 558 2605 μαθών
584 2512 729 2599 »πάντες
758 2525 820 2607 μὲν
840 2515 920 2605 γάρι
946 2524 1049 2605 φησὶν
1077 2511 1145 2600 νοός
1166 2512 1307 2604 άληθῶς
1328 2508 1441 2602 άγαθά

132 2613 321 2704 πάσχουσιν
342 2617 375 2685 οἱ
397 2620 494 2704 δίκην
515 2612 681 2697 διδόντες·
707 2613 924 2704 ιδφελοῦνται
945 2616 1007 2705 γὰρ
1030 2622 1081 2704 τῷ
1103 2621 1227 2700 βελτίω
1251 2612 1316 2702 τήν
1330 2611 1441 2702 φυγήν

131 2710 248 2796 αὐτοις
270 2721 423 2802 γίνεσθαι
449 2720 588 2798 δικαίως
612 2723 878 2806 κολαζομένοιςπ
925 2719 952 2785 εί
974 2723 1009 2787 δὲ
1031 2712 1144 2804 άγαθά
1165 2711 1353 2803 πάσχουσιν
1374 2711 1441 2784 δπό
1459 2725 1475 2777 2

133 2820 195 2886 τοῦ
217 2817 350 2885 δικαίου
372 2815 404 2884 οί
426 2813 718 2938 ἐπανορθούμενοι
740 2824 796 2888 καὶ
817 2815 905 2887 κατὰ
926 2815 1109 2898 Πλάτωνα,
1132 2809 1347 2904 ὁμολογεῖται
1364 2810 1441 2900 άγα-

132 2912 200 2984 θόν
222 2911 365 2984 είναι
331 2941 392 2983 τον
414 2920 553 2986 δίκαιον.
590 2912 693 2998 αὐτὸς
716 2922 799 3003 γοῦν
820 2911 963 3034 όφόβος
984 2912 1111 3036 ωφελει
1130 2919 1185 2983 καὶ
1206 2911 1293 3004 πρός
1308 2907 1442 3000 άγαθοῦ

78 3029 114 3083 25
132 3031 205 3095 τοῖς
225 3007 428 3099 άνθροόποις
452 3007 683 3102 ἐξεύρηται,ο
664 3043 719 3084 οτι
748 3021 896 3104 »πνεῦμα
919 3012 1133 3104 φοβούμενον
1153 3010 1273 3100 κύριον
1295 3009 1477 3100 ζήσεται·-

131 3109 151 3202 6
183 3110 246 3200 γάρ
276 3115 372 3194 ἐλπίς
402 3117 457 3183 ἐπὶ
488 3111 552 3183 τὸν
582 3110 739 3203 σώζοντα
769 3111 918 3196 αὐτούς(
964 3109 982 3184 ό
1009 3119 1045 3183 δέ
1075 3109 1179 3194 αὐτὸς
1210 3103 1312 3193 οὗτος
1340 3108 1442 3199 λόγος
1459 3129 1475 3182 3

131 3216 229 3300 δίκην
252 3215 417 3293 ἐπιτιθείς
436 3209 557 3333 κριτής
579 3217 679 3296 ἐστιν,
703 3222 780 3301 περὶ
802 3205 842 3284 οὗ
863 3219 920 3284 καὶ
934 3208 1065 3294 ἩΗσαίας
1086 3217 1175 3300 λέγει
1193 3211 1326 3300 »κύριος
1340 3219 1441 3300 παρέ-

131 3315 243 3382 δωκεν
266 3307 372 3382 αδτόν
394 3330 468 3394 ταῖς
490 3305 710 3400 άμαρτίαις“
691 3342 818 3402 ημωνι,
841 3311 1038 3402 διορθωτὴν
1059 3307 1222 3401 δηλονότι
1248 3317 1304 3382 καί
1325 3338 1442 3382 κατευ·

131 3415 289 3499 θυντῆρα
310 3417 384 3482 τῶν
405 3407 591 3501 άμαρτιῶν.
634 3413 689 3484 διὰ
711 3419 817 3485 τοῦτο
838 3410 943 3501 μόνος
966 3404 1068 3495 οὗτος
1089 3409 1162 3493 σίός
1184 3438 1224 3482 τε
1241 3406 1377 3497 άφιέναι
1399 3410 1442 3482 τά
1459 3431 1524 3496 681

79 3526 114 3582 30
132 3506 409 3632 πλημμελήματα,
440 3507 508 3582 άπὸ
532 3511 746 3602 τοῦπατρὸς
770 3519 844 3584 τοῖιν
866 3506 962 3584 όλων
990 3506 1031 3599 [6]
1059 3516 1198 3600 ταχθεὶς
1227 3511 1443 3600 παιδαγωγὸς

46 3663 53 3675 .
132 3605 241 3698 ἡμῶν,
264 3606 368 3698 μόνος
391 3605 430 3696 [6]
455 3617 516 3699 τῆς
536 3609 689 3702 ὑπακοῆς
711 3620 877 3702 διακρῖναι
899 3612 964 3700 τήν
986 3611 1166 3701 παρακοήν
1187 3608 1380 3701 δυνάμενος
1424 3606 1443 3682 6

133 3715 168 3780 δέ
199 3704 354 3781 άπειλῶν
390 3709 493 3800 δῆλός
529 3717 599 3784 ἐστι
634 3719 739 3832 μηδὲν
775 3719 908 3785 ἐθέλων
944 3719 1068 3800 πρᾶξαι
1097 3709 1206 3782 κακόν
1246 3708 1380 3802 μηδὲ’
1360 3705 1444 3800 άπερ

132 3803 264 3879 άπειλεί
293 3811 493 3881 ἐπιτελέσαι·
529 3811 743 3902 καταστήσας
774 3819 809 3884 δε
840 3818 886 3895 είς
917 3817 991 3895 δέος
1023 3812 1087 3902 τήν
1115 3815 1170 3884 ἐπί
1196 3810 1258 3892 τὰς
1280 3807 1444 3901 ἁμαρτίας

135 3903 304 3992 ἀνέκοψεν
334 3909 447 3998 φορὰν
476 3919 533 3981 καὶ
565 3911 606 3983 τό
638 3911 888 4002 φιλάνθρωπον
918 3910 1024 3984 αὐτοῦ
1054 3917 1277 3996 ἐνδείκνυται,
1307 3919 1444 4000 μέλλων

220 4126 272 4186 21.
290 4127 332 4184 51
346 4127 396 4184 Sir.
415 4131 456 4196 22,
475 4131 510 4186 6f
527 4133 581 4202 vgl.
600 4134 631 4187 st
648 4134 731 4188 Clem.
750 4135 829 4190 Alex„
848 4153 873 4188 u.
887 4133 912 4188 d.
925 4135 998 4206 Sept.
1016 4135 1042 4188 S.
1055 4132 1149 4189 521-
1162 4131 1253 4187 8-11
1275 4130 1336 4185 Joh.
1350 4131 1390 4195 15,
1411 4131 1448 4183 1f

133 4241 167 4250 -
187 4213 300 4269 12-19
319 4211 406 4268 Exod.
423 4217 467 4280 20,
486 4217 520 4272 20
538 4247 571 4257 —
590 4219 706 4275 θέλ-22
726 4219 780 4290 vgl.
794 4219 875 4274 Plato
895 4220 976 4290 Gorg.
996 4237 1021 4290 p.
1038 4219 1125 4272 4771
1143 4245 1176 4256 -
1195 4215 1259 4270 251
1274 4215 1322 4269 Sir.
1335 4217 1366 4268 31
1392 4216 1443 4280 31),

134 4297 237 4350 141-
256 4296 388 4352 wJes.
407 4301 448 4366 53,
467 4303 483 4356 6

220 4480 239 4537 ⁶
257 4479 331 4551 1901θὲ
332 4483 412 4547 0ng
428 4487 432 4551 Ι
449 4485 464 4540 ί
486 4483 502 4539 ὁ
521 4484 618 4558 κάρισς
630 4489 666 4558 Sy
684 4484 733 4555 οίς
745 4489 808 4544 mi
828 4486 888 4557 δὺς
901 4490 967 4545 oder
980 4483 1022 4555 οἷς
1033 4489 1069 4544 F*
1085 4489 1089 4556 Ι
1107 4489 1145 4543 10
1164 4507 1209 4558 φ
1186 4484 1252 4541 έοον
1265 4483 1332 4538 161²
1350 4483 1445 4556 φέρων

134 4563 179 4616 M*
195 4565 199 4630 Ι
216 4565 253 4619 11
272 4568 527 4638 καθνλομανεῖίν
520 4589 548 4624 111
561 4573 709 4642 1111111111
725 4575 765 4630 24
777 4575 850 4632 τοι
823 4579 932 4634 δίκαιον
945 4575 965 4630 I*
980 4577 985 4646 1
1001 4576 1041 4632 σο
1052 4570 1089 4644 [ὁ]
1103 4573 1181 4626 Schw
1197 4574 1201 4638 1
1217 4570 1253 4626 ⁸1
1271 4567 1366 4639 [1].11ο
1381 4571 1385 4636 1
1401 4571 1443 4623 ιι-

135 4645 320 4779 νάμὲῗθνὲξυέίῐί
335 4651 482 4722 δυνάμεως
500 4656 545 4708 II*
560 4659 564 4726 Ι
580 4657 620 4713 84
638 4655 787 4730 ἀνακόψαι
805 4661 953 4718 Markland
1213 4743 1229 4796 9
