3520 5480
504 433 688 504 Mamas
704 435 752 491 111.
770 435 835 504 cap.
852 434 898 488 Χῖ.
916 434 957 491 59.
976 435 1067 500 1-63»
1084 437 1110 488 4-
1403 447 1459 507 ιιι

148 601 361 684 παιδαγωγεῖ
389 593 434 684 μῆ
465 591 671 685 ἁμαρτάνειν
697 597 815 669 διὰτὸ
838 593 1082 684 εύεξέλεγκτον,
1110 613 1182 678 τοῖς
1204 601 1241 667 δὲ
1264 595 1464 686 ἀναφανδὸν

150 690 359 784 ἁμαρτάνειν
380 699 558 766 ἐθέλουσιν
579 695 621 767 τὸ
643 694 822 769 λανθάνον
844 703 907 768 τοῦ
929 693 1098 786 σχήματος
1118 703 1175 767 καί
1196 695 1241 786 μῆ
1263 693 1463 788 παράσημον

150 800 458 884 ἐπιτερπέστατόν,
488 793 546 883 ἀφ’
570 789 599 884 ᾧ
622 793 798 878 δεδυκότες
829 797 880 878 οἷς
902 799 1009 882 ἔξεστι
1030 793 1116 867 δι’
1095 823 1239 884 αγνοιαν
1259 805 1464 886 πλημμελεῖν

150 912 226 975 τοῖς
251 904 394 977 πολλοῖς
422 894 674 984 έξομοιούμενοι
704 894 746 966 τό
773 892 981 985 ἁμαρτάνειν
1002 893 1112 976 ἀδεῶς
1132 893 1380 984 κεκάρπωνται.
1424 895 1465 970 ού
1482 921 1546 988 62,1

113 1007 131 1058 5
149 991 262 1084 μόνον
283 985 347 1065 οῦν
368 991 538 1084 αύστηρδν
560 993 702 1066 δεικνύει
723 995 790 1068 τόν
811 994 919 1082 ἀνδρα
942 1000 1002 1082 τῆς
1016 1000 1166 1084 κεφαλῆς
1185 995 1227 1066 τό
1242 993 1354 1082 ψιλόν,
1377 991 1464 1070 ἀλλὰ

150 1101 206 1165 καί
229 1099 400 1176 δυσπαθίες
421 1093 661 1180 κατασκευάζει
682 1093 724 1166 τό
745 1100 897 1181 κρανίον,
917 1107 1136 1183 προσομιλεῖν
1158 1097 1275 1180 έθίζον
1296 1103 1351 1165 καί
1372 1096 1464 1184 κρύει

150 1201 207 1265 καί
228 1193 383 1281 καύματι,
406 1200 461 1263 καὶ
484 1193 546 1277 τὰς
568 1191 636 1265 ἀπὸ
659 1193 797 1266 τούτων
818 1199 997 1265 διωθεῖται
1012 1191 1190 1279 βλάβας,“
1170 1224 1209 1277 ας
1225 1190 1245 1284 ῆ
1259 1193 1347 1284 κόμη
1363 1193 1465 1286 σπόγ-

152 1323 216 1384 γου
237 1293 371 1382 τρόπον
393 1298 438 1374 είς
461 1292 585 1382 ίαντῆν
606 1290 901 1382 ἀναλαμβάνουσα,
924 1292 1191 1382 ίγκατασκήκτει
1214 1301 1265 1383 τῷ
1288 1292 1463 1384 ἐγκεφάλῳ

151 1391 355 1482 παράμονον
376 1395 413 1462 έκ
435 1398 497 1481 τῆς
518 1398 655 1475 νοτίδος
676 1391 741 1482 τὴν
762 1389 899 1482 βλάβην.

97 1509 134 1564 10
240 1502 317 1575 Ταῖς
338 1499 468 1580 γυναιξὶ
490 1497 525 1562 δὲ
547 1486 680 1582 ἀπόχρη
700 1489 883 1581 μαλάσσειν
904 1492 966 1575 τὰς
988 1499 1103 1580 τρίχας
1117 1501 1172 1563 καί
1187 1488 1384 1564 ἀναδεῖσθαι
1400 1493 1464 1584 τῆν
1481 1519 1497 1574 2

151 1589 263 1682 κόμην
286 1589 432 1673 εότελῶς
453 1589 583 1678 περόνη
605 1600 674 1664 τινί
696 1599 773 1680 λιτῇ
795 1593 888 1682 παρὰ
911 1591 974 1664 τὸν
997 1589 1128 1681 αύχένα,
1159 1590 1279 1679 ἀφελεῖ
1299 1601 1463 1686 θεραπείςι

153 1689 393 1778 ουναυξούσαις
415 1696 461 1772 είς
483 1688 609 1774 κάλλος
635 1688 776 1780 γνήσιον
805 1691 868 1774 τὰς
897 1692 1080 1782 σώφρονας
1110 1688 1223 1778 κόμας.
1265 1699 1321 1762 καί
1347 1691 1409 1779 γάρ
1430 1695 1498 1766 αί3

152 1799 355 1879 περιπλοκαί
387 1799 460 1862 τῶν
488 1797 618 1878 τριχῶν
647 1794 682 1861 αί
712 1791 877 1876 ἑταιρικαί
906 1799 961 1861 καί
993 1795 1027 1862 αί
1054 1799 1127 1862 τῶν
1149 1798 1271 1877 οειρῶν
1293 1787 1464 1876 ἀναδέσεις

152 1889 241 1980 πρὸς
263 1898 314 1980 τῷ
338 1895 496 1977 εἰδεχθεῖς
518 1886 622 1974 αύτάς
645 1888 813 1961 δεικνύναι
834 1886 1003 1962 κόπτουσι
1026 1889 1086 1972 τὰς
1108 1897 1232 1979 τρίχας,
1260 1885 1466 1963 ἀποτίλλου·

98 2009 135 2061 15
153 2015 208 2063 σαι
230 2011 306 2073 ταῖς
326 1988 533 2078 πανούργοις
555 1991 751 2075 έμπλοκαῖς,
783 1985 824 2059 δι’
847 1985 887 2072 ἀς
910 1986 987 2061 ούδὲ
1010 1987 1211 2078 θιγγάνουσι
1234 1995 1294 2079 τῆς
1315 1996 1465 2079 κεφαλῆς

155 2097 217 2180 τῆς
240 2097 340 2177 σφῶν
363 2085 480 2160 αὐτῶν
501 2107 634 2176 συγχεῖν
660 2087 722 2171 τάς
744 2097 859 2177 τρίχας
881 2087 1098 2178 φοβούμεναι,
1130 2085 1217 2160 ἀλλὰ
1238 2097 1293 2160 καί
1316 2085 1335 2160 ὁ
1358 2083 1465 2173 ῦπνος

154 2188 274 2272 αύταῖς
295 2188 380 2278 μετὰ
403 2193 497 2270 δέους
518 2195 750 2277 παραγίνεται,
773 2189 817 2278 μῆ
839 2186 1097 2260 κατασκύλωσιν
1113 2195 1280 2262 λαθοῦσαι
1302 2187 1342 2262 τὸ
1359 2195 1466 2278 σχῆμα

152 2297 215 2380 τῆς
236 2294 415 2377 ἐμπλοκῆς.
435 2294 439 2373 Ι
459 2283 653 2376 ἀλλοτρίων
674 2292 709 2357 δὲ
732 2291 765 2358 οί
788 2295 987 2376 προσθέσεις
1008 2293 1139 2375 τριχῶν
1160 2294 1278 2360 τέλεον
1301 2291 1463 2377 έκβλητοι,
1480 2309 1528 2364 291
1544 2307 1564 2362 P
1581 2309 1646 2372 63,1

153 2386 294 2473 ἀθνείας
315 2417 352 2458 τε
375 2382 650 2472 ἐπισκευάζεσθαι
672 2394 716 2474 τῆ
736 2396 868 2476 κεφαλῇ
892 2387 952 2470 τάς
977 2386 1084 2476 κόμας
1106 2383 1312 2460 ἀθεοότατον
1335 2405 1463 2476 νεκροῖς

97 2504 134 2559 20
151 2488 410 2571 ἑνδιδυσκούσας
440 2485 630 2576 πλοκάμοις
660 2485 701 2558 τό
732 2496 887 2576 κρανίον·
932 2495 1000 2559 τίνι
1020 2485 1083 2575 γάρ
1106 2482 1125 2558 ό
1148 2485 1372 2576 πρεσβύτερος
1395 2491 1463 2558 έπι·

151 2586 254 2678 θήσει
283 2606 393 2676 χεῖρα;
423 2595 500 2658 τίνα
522 2593 558 2658 δὲ
589 2583 776 2676 εύλογῆσει,·
806 2583 847 2658 ού
869 2587 934 2676 τὴν
956 2605 1096 2675 γυναῖκα
1118 2586 1183 2675 τῆν
1203 2593 1464 2676 κεκοσμημένην,

152 2686 242 2760 ἀλλὰ
273 2686 334 2769 τὰς
365 2685 549 2774 ἀλλοτρίας
579 2695 694 2774 τρίχας
724 2692 779 2756 καί
812 2682 854 2757 δι’
885 2683 1001 2757 αῦτῶν
1033 2685 1142 2775 ἀλλην
1173 2684 1333 2775 κεφαλήν.
1377 2692 1407 2756 εί
1427 2690 1497 2766 δέη

155 2786 305 2876 »κεφαλὴ
336 2785 493 2875 γυναικός
524 2790 585 2874 μὲν
607 2783 700 2875 ἀνῆθι
731 2782 854 2875 ἀνδρὸς
876 2792 912 2856 δὲ
934 2781 953 2856 ό
978 2781 1153 2872 Χριστόςι,
1175 2793 1251 2868 πῶς
1274 2781 1334 2856 οῦκ
1356 2783 1464 2856 ἄθεον

153 2895 284 2970 διτταῖς
304 2884 409 2968 αύτάς
424 2893 641 2974 περιπίπτειν
656 2881 904 2974 ἀμαρτήμασιν;
926 2885 1006 2966 τοὺς
1027 2885 1172 2973 μὲνγὰρ
1195 2881 1361 2968 ἀπατῶσι,
1383 2885 1464 2966 τοῦς

99 3004 132 3056 25
153 2988 290 3074 ἄνδρας,
321 2986 376 3058 διὰ
403 2995 468 3074 την
490 2984 666 3073 ἀποβολὴν
697 2991 758 3072 τῆς
779 2980 893 3073 κόμης,
923 2982 1181 3070 καταισχύνουσι
1204 2989 1239 3054 δὲ
1263 2983 1326 3054 τόν
1347 2982 1463 3074 κύριον

154 3087 195 3159 τό
219 3081 302 3158 όσον
324 3083 375 3157 ἐπ’
399 3083 516 3168 αύταῖς
539 3087 717 3174 ἑταιρικῶς
747 3082 971 3172 κοσμούμεναι
998 3085 1044 3164 είς
1066 3079 1203 3171 ἀπάτην
1224 3079 1387 3170 ἀληθείας
1409 3090 1464 3153 καὶ

153 3187 219 3276 τὴν
242 3179 355 3268 ὄντως
377 3179 481 3258 οὖσαν
496 3185 604 3275 καλὴν
620 3189 876 3273 βλασφημοῦσαι
891 3180 1051 3270 κεφαλήν.
1080 3179 1205 3253 ούκοῦν
1221 3179 1297 3253 οὐδὲ
1312 3189 1462 3268 βαπτέον
1481 3209 1497 3263 3

154 3287 216 3369 τὰς
239 3294 354 3373 τρίχας
376 3283 453 3356 οῦδὲ
475 3287 542 3374 μὴν
564 3284 625 3365 τὰς
650 3284 771 3365 πολιὰς
792 3289 1062 3373 μεταχρωστέον·
1086 3278 1162 3352 οῦδὲ
1178 3281 1240 3370 γάρ
1256 3280 1319 3370 τὴν
1335 3285 1464 3370 ἐσθῆτα

153 3393 343 3458 ποικίλλειν
369 3384 632 3474 συγκεχώρηται·
659 3393 663 3468 Ι
690 3390 746 3454 καὶ
777 3377 922 3472 μάλιστα
953 3378 993 3450 τὸ
1016 3379 1152 3469 γεραιὸν
1174 3387 1234 3470 τῆς
1257 3377 1386 3470 ἡλικίας
1408 3388 1463 3453 καί
1483 3401 1530 3456 107
1549 3397 1566 3452 S

101 3499 136 3553 30
155 3481 357 3572 ἀξιόπιστον
381 3481 441 3555 οῦκ
463 3488 722 3566 ἐπικαλυπτέον,
746 3479 963 3555 ἀναδεικτέον
986 3485 1021 3550 δε
1042 3477 1097 3550 ὐπ’
1121 3477 1224 3570 αύγάς
1239 3487 1302 3552 τοῦ
1324 3488 1408 3552 θεοῦ
1424 3480 1464 3552 τό

155 3594 282 3673 τίμημα
313 3589 359 3667 είς
391 3589 535 3672 σέβασμα
566 3590 639 3654 τῶν
670 3589 772 3659 νέων
815 3589 868 3651 καί
900 3577 962 3667 γάρ
995 3577 1274 3668 ἀναισχυντοῦσιν
1305 3578 1375 3652 ἔσθ’
1407 3575 1500 3654 ότει

154 3691 279 3767 πολιᾶς
301 3681 480 3770 ἐπιφάνεια
501 3687 721 3772 παιδαγωγοῦ
735 3687 832 3770 δίκην
853 3685 1015 3752 ἐπιστᾶσα
1031 3685 1084 3750 ἐπὶ
1105 3679 1329 3770 σωφροσύνην
1343 3693 1466 3772 μεθηρ-

156 3782 285 3875 μόσατο
309 3779 432 3866 αύτούς
454 3790 510 3854 καὶ
531 3780 769 3872 κατεπλήξατο
786 3811 828 3870 τη
813 3779 1069 3870 ’στιλπνότητι
1085 3786 1145 3870 τῆς
1162 3773 1273 3866 όηεως
1289 3777 1329 3850 τό
1347 3777 1467 3867 νεάζον

156 3891 218 3974 τῆς
242 3888 428 3972 ἐπιθυμίας

242 4004 489 4068 281K0r.11,3

245 4125 260 4179 l
281 4116 481 4191 εύεξέλεγκτον
504 4124 548 4191 Ιεγ
564 4121 592 4174 in
611 4122 684 4190 Rus.)
702 4120 735 4173 Ρι
751 4123 755 4185 Ι
770 4119 799 4176 δὲ
818 4121 884 4187 (μιΙΙ
904 4119 1005 4173 Ηεινοί
1028 4121 1031 4186 Ι
1056 4119 1073 4174 2
1092 4117 1238 4176 λανθάνον
1258 4120 1292 4172 P³
1313 4114 1468 4174 λανθάνειν

158 4211 195 4264 Ρ*
218 4213 224 4276 Ι
249 4210 267 4265 8
294 4201 342 4278 ὑφ’
369 4197 397 4280 ᾧ]
416 4201 464 4276 ὑφ’
482 4203 498 4262 ό
517 4208 606 4276 Heyse
630 4210 634 4275 Ι
657 4205 803 4268 δεδυκότες
820 4202 857 4257 P³
874 4202 1032 4268 δεδοικότες
1050 4203 1086 4255 P*
1102 4203 1137 4272 Ιδ
1159 4205 1277 4274 κρανίον
1295 4203 1317 4258 F
1334 4209 1468 4274 κρανεῖον

157 4295 200 4361 ΡΙ
217 4294 255 4349 12
275 4289 477 4357 ουναυξούοαις
489 4291 525 4346 Vi
542 4296 728 4358 ουναξουοαις
740 4291 817 4359 (fiber
830 4293 900 4353 αξου
910 4289 981 4341 Rasa
996 4287 1017 4340 P
1037 4287 1214 4354 συναξούσας
1231 4287 1280 4342 FM
1296 4291 1301 4350 Ι
1317 4287 1355 4342 14
1374 4293 1413 4358 τῷ
1433 4289 1467 4356 Sy

158 4377 190 4435 τό
203 4380 225 4434 Ρ
241 4379 246 4445 Ι
260 4377 397 4434 κόπτουσι
409 4376 447 4430 Di
459 4375 646 4432 κόπτουααιΡ
662 4377 665 4442 Ι
683 4377 721 4432 16
735 4367 828 4430 αὐτῶν
839 4373 874 4426 P³
886 4367 984 4436 αὐτοῖς
996 4371 1033 4425 Ρ*
1050 4374 1054 4438 Ι
1073 4373 1106 4428 λλ
1124 4375 1262 4428 λαθοῦαιν
1274 4371 1295 4426 Ρ
1309 4375 1313 4438 Ι
1331 4373 1368 4428 18
1381 4389 1469 4444 προσ·

158 4461 252 4528 θέσεις
274 4461 309 4516 1³³
331 4460 485 4532 προθέσεις
508 4461 546 4513 P*
570 4463 574 4527 Ι
598 4460 657 4516 2οί
680 4458 811 4528 ἐπιθήσει
828 4459 876 4512 Ma
894 4455 1035 4524 ἐπιτίθησι
1052 4457 1074 4511 Ρ
1090 4460 1094 4523 Ι
1111 4457 1150 4512 28
1177 4455 1309 4528 Χριστός]
1336 4453 1405 4520 θεὸς
1423 4455 1444 4510 F
1463 4459 1467 4522 Ι

160 4547 197 4602 δι’)
210 4541 355 4618 ῦποβολὴν
373 4546 522 4600 Markland
540 4541 698 4616 ίπερβολιΙν
717 4545 738 4598 Ρ
759 4551 763 4604 Ι
787 4545 823 4598 27
843 4547 1063 4614 βλασφημοῦσαι
1082 4544 1112 4596 st
1129 4545 1327 4612 βλασφημοῦσι
1346 4539 1368 4594 Ρ
1384 4541 1388 4608 Ι
1404 4533 1469 4596 οὔτε

159 4631 206 4688 Ma
220 4633 225 4697 1
241 4630 281 4687 28
301 4622 365 4687 οῦδὲ
383 4629 439 4703 γὰρ
457 4631 492 4684 Di
510 4624 575 4686 οὔτε
594 4628 649 4702 γὰρ
669 4630 710 4697 ΡΙ
727 4630 765 4686 29
785 4629 941 4684 ποικίλλειν
960 4629 1028 4682 (λειν
1046 4626 1074 4680 in
1093 4625 1164 4692 Rus.)
1184 4625 1217 4680 P¹
