3510 5474
499 436 679 507 Paedagogus
697 439 730 492 ll.
750 438 813 509 Cap.
833 438 864 490 X.
884 441 940 503 105,
959 439 1068 506 2-108,
1087 443 1110 492 1.
1398 447 1457 508 221

142 608 199 672 καὶ
222 597 409 689 καυμάτων
431 598 630 685 έπιτάσεως,
660 598 705 690 μῆ
738 629 771 671 τι
801 598 886 692 ἡμᾶς
914 609 1132 691 παραλυποίη
1155 608 1217 673 τοῦ
1238 608 1458 690 περιέχοντος

141 699 163 790 6
192 698 342 790 ἀμετρία.

233 805 272 871 Εἰ
293 800 334 890 δὴ
357 792 459 884 οὗτός
481 805 551 872 ἐστι
574 805 634 890 τῆς
657 803 801 890 ἐσθῆτος
830 795 849 873 6
871 799 1006 885 σκοπός,
1039 795 1101 890 ύρα
1122 801 1167 891 μῆ
1198 797 1260 872 ούκ
1282 799 1368 890 ἄλλη
1395 806 1491 889 μὲνῖ

144 898 322 990 ἀνδράσιν,
353 900 440 988 άλλη
463 906 499 973 δὲ
521 899 624 989 ἐσθὴς
651 897 862 989 ἀπονεμητέα
889 909 1051 990 γυναιξίν·
1090 899 1208 972 κοινὸν
1234 901 1297 988 γὰρ
1329 897 1457 989 άμφοῖν

106 1002 188 1076 στὸ
212 1008 395 1072 σκέπεσθαι
416 998 504 1072 κατὰ
528 999 570 1072 τά
593 996 680 1071 αύτά
703 1007 753 1090 τῷ
770 1006 897 1072 ἐσθίειν
911 1009 966 1072 καὶ
981 1009 1102 1072 πίνειν.
1133 1007 1250 1090 κοινῆς
1273 991 1334 1072 οὖν
1356 994 1457 1090 ούσης
1475 1009 1557 1074 1091

145 1107 209 1190 τῆς
229 1109 340 1190 χρείας
364 1099 428 1189 τῆν
451 1095 572 1186 ὁμοίαν
594 1100 804 1190 κατασκευῆν
830 1098 1059 1190 δοκιμάζομεν.
1104 1097 1152 1220 ρίς
1179 1101 1241 1189 γάρ
1263 1098 1303 1171 τὸ
1326 1106 1457 1171 δεῖσθαι

146 1209 221 1272 τιῖιν
249 1199 454 1272 σκεπόντων
480 1197 600 1272 κοινὸν
631 1201 814 1286 ἑκατέροις,
846 1193 958 1282 ούτως
987 1208 1043 1272 καὶ
1076 1201 1120 1271 τά
1151 1207 1321 1272 σκέποντα
1352 1227 1457 1286 παρα

144 1297 273 1390 πλήσια
289 1299 374 1372 εἶναι
389 1295 461 1388 χρῆ,
485 1306 513 1370 εί
528 1304 573 1383 δέ,
595 1306 651 1372 καὶ
667 1306 793 1388 σκέπην
808 1299 1204 1390 ταύτηνπαραληπτέον,
1226 1296 1347 1370 καθ’
1332 1301 1374 1390 ἠν
1398 1324 1416 1358 τ
1439 1324 1458 1357 ⁴*

144 1399 311 1521 κρύπτειν
334 1393 467 1490 ὄμματα
489 1405 643 1518 θηλειῶν
663 1399 784 1489 χρεοίν.
820 1401 899 1471 εἰ
864 1429 927 1489 γαρ
950 1408 1004 1471 καὶ
1018 1411 1220 1474 πλεονεκτεῖ
1234 1398 1274 1471 τὸ
1291 1406 1381 1489 θῆλυ
1403 1398 1491 1472 διὰ2

90 1522 127 1576 10
146 1501 212 1591 τῆν
243 1497 438 1584 ἀσθένειαν,
469 1496 510 1569 τὸ
542 1501 623 1582 έθος
650 1504 711 1588 τῆς
738 1495 873 1588 ἀγωγῆς
896 1507 957 1590 τῆς
987 1507 1092 1589 κακῆς
1122 1505 1308 1584 αἰτιατέον,
1341 1496 1381 1571 δι’
1415 1497 1458 1588 ῆν

45 1685 47 1688 ¹
146 1595 315 1681 πολλάκις
346 1597 489 1686 φαύλοις
514 1603 657 1680 διαίταις
682 1597 924 1690 ἐντρεφόμενοι
956 1599 1075 1687 ἄνδρες
1105 1606 1276 1688 γυναικῶν
1302 1595 1458 1688 γεγόνασι

148 1697 345 1787 θηλύτεροι·
370 1694 411 1770 ού
433 1698 474 1788 δὴ
496 1709 701 1785 καθυφεῖναι
723 1697 785 1788 χρῆ
809 1706 872 1772 τοῦ
895 1697 1007 1770 τόνου.
1045 1706 1072 1769 εἰ
1095 1705 1129 1769 δὲ
1152 1704 1490 1788 συμπεριφέρεσθαι3

144 1795 222 1887 χρῆ,
251 1793 370 1886 ὀλίγον
397 1802 556 1870 ἐνδοτέον
578 1795 695 1880 αύταῖς
716 1806 971 1888 μαλακωτέροις
995 1805 1141 1889 χρῆσθαι
1167 1817 1240 1881 τοῖς
1265 1793 1456 1886 ὑφάσμασιν

145 1897 255 1988 μόνον
277 1898 339 1980 τάς
364 1903 604 1987 μεμωρημένας
631 1907 853 1987 λεπτουργίας
883 1905 938 1969 καὶ
962 1899 1023 1980 τὰς
1051 1903 1087 1969 έν
1108 1917 1183 1980 ταῖς
1204 1893 1304 1983 ύφαῖς
1326 1903 1456 1984 περιέρ-

91 2021 126 2074 15
146 2027 229 2086 γους
251 1996 382 2080 πλοκὰς
403 1999 563 2069 ἐκποδών
584 1995 821 2086 μεθιστάντας,
845 2005 932 2088 νῆμα
954 2004 1078 2087 χρυσοῦ
1100 2005 1154 2069 καὶ
1177 2004 1279 2087 σῆρας
1300 1992 1456 2077 Ἰνδικοὺς

147 2105 204 2167 καὶ
235 2097 316 2179 τούς
342 2105 536 2186 περιέργους
563 2095 732 2185 Ἰβάμβυκας
758 2106 884 2188 χαίρειν
915 2101 1055 2180 ἐῶντας.
1098 2097 1233 2185 σκώληξ
1263 2094 1384 2182 φύεται
1415 2095 1491 2167 τὸ4

145 2203 298 2283 πρῶτον,
320 2199 391 2268 εἶτα
411 2203 445 2284 ἐξ
467 2193 573 2268 αύτοῦ
594 2203 707 2269 δασεῖα
728 2195 952 2284 ἀναφαίνεται
967 2197 1090 2286 κάμπη,
1113 2193 1188 2284 μεθ’
1212 2193 1254 2286 ῆν
1274 2202 1320 2278 εἰς
1336 2203 1457 2285 τρίτην

52 2327 56 2334 ’
146 2295 411 2385 μεταμύρφωσιν
433 2303 633 2386 νεοχμοῦται
659 2296 842 2386 βομβύλιον
872 2303 918 2387 (οἳ
944 2305 978 2370 δὲ
1002 2297 1207 2369 νεκύδαλλον
1230 2292 1314 2368 αύτὸ
1336 2302 1456 2368 καλού-

147 2403 224 2484 σιν),
247 2401 282 2482 ἐξ
304 2387 345 2467 ού
365 2394 492 2485 μακρὸς
514 2402 666 2467 τίκτεται
688 2395 842 2487 στήμων,
865 2396 1021 2487 καθάπερ
1044 2403 1080 2470 ἐκ
1103 2403 1164 2486 τῆς
1186 2393 1332 2485 άράχνης
1354 2391 1373 2465 6
1395 2402 1456 2485 τῆς

94 2517 130 2570 20
148 2492 295 2585 άράχνης
331 2503 439 2584 μίτος·
474 2495 518 2566 τά
553 2496 615 2584 γὰρ
645 2497 788 2585 περιττά
819 2503 927 2568 ταῦτα
955 2505 1011 2568 καὶ
1042 2504 1192 2586 διαφανῆ
1223 2492 1356 2583 ἔλεγχός
1386 2500 1491 2569 έστιῦ

148 2601 300 2678 διανοίας
326 2591 387 2666 ούκ
417 2599 620 2684 ἐρρωμένης,
656 2591 759 2685 ύλίγφ
791 2595 1074 2686 παραπετάσματι
1103 2596 1170 2685 τῆν
1204 2596 1364 2685 αἰσχύνην
1394 2603 1457 2668 τοῦ

148 2694 307 2784 σώματος
337 2693 633 2784 προαγωγεύοντα.
686 2693 727 2767 ού
756 2695 818 2783 γάρ
851 2701 900 2766 ἔτι
931 2703 1036 2784 σκέπη
1069 2693 1089 2785 6
1120 2693 1334 2785 άβροδίαιτός
1365 2699 1458 2766 ἐστιν

149 2793 266 2884 έσθῆς,
297 2793 338 2866 τὸ
365 2801 472 2883 σχῆμα
503 2801 564 2883 τῆς
595 2792 806 2884 γυμνάτητος
836 2796 999 2918 κρύπτειν
1029 2797 1072 2885 μὴ
1104 2801 1284 2884 δυναμένη
1314 2805 1458 2914 πρρσπί-

147 2917 281 2964 πτουσα
302 2892 366 2984 γὰρ
388 2891 408 2984 6
428 2904 432 2982 Ι
452 2893 594 2984 τοιαύτη
615 2894 718 2984 ἐσθῆς
741 2901 790 2983 τῷ
815 2895 946 2984 σώματι
967 2902 1223 2982 προστυποῦται
1246 2890 1339 2982 αύτῷ
1363 2891 1458 2982 ύγρό-
1476 2919 1540 2972 ὅτε

93 3014 129 3066 25
150 3021 250 3082 τερον
271 3001 327 3064 καὶ
349 2985 692 3081 προσαναπλάττετάι
715 3003 882 3117 σαρκικρός
904 2999 1033 3083 ἐμφῦσα
1056 3001 1106 3084 τῷ
1129 2991 1292 3112 6666616,r
1311 2999 1367 3062 καὶ
1394 2992 1458 3064 τὸν

149 3092 260 3164 τύπον
290 3089 491 3183 ἐκμάττεται
522 3101 583 3213 τῆς
613 3090 786 3182 γυναικός,
823 3089 904 3164 ὥστ’
936 3090 996 3182 ούχ
1027 3088 1153 3180 ὁρῶντι
1184 3092 1249 3181 τῆν
1279 3086 1364 3182 ύλην
1395 3099 1458 3162 τοῦ

150 3192 307 3282 σώματος
329 3195 414 3264 εἶναι
437 3194 590 3282 φανεράν
612 3191 772 3264 διάθεσιν.

232 3299 465 3382 Παραιτητέον
487 3300 522 3364 δὲ
544 3300 605 3382 τῆς
628 3297 774 3383 ἐσθῆτος
802 3301 857 3364 καὶ
880 3293 941 3375 τάς
967 3290 1090 3379 βαφάς·
1122 3283 1221 3363 αὗται
1249 3291 1312 3382 γάρ
1334 3290 1453 3382 πόρρω
1476 3324 1555 3387 1061

148 3399 203 3462 καὶ
227 3399 287 3482 τῆς
307 3397 417 3482 χρείας
439 3398 493 3463 καί
510 3399 570 3482 τῆς
586 3389 746 3482 άληθείας
762 3393 848 3481 πρὸς
864 3401 914 3483 τῷ
930 3401 986 3464 καὶ
1001 3399 1078 3480 (εἰς)
1096 3391 1257 3481 διαβολὴν
1272 3398 1335 3463 τοῦ
1349 3387 1458 3480 ῆθους

95 3511 131 3563 30
149 3496 316 3577 ἐξανθεῖν
340 3484 420 3562 ούτε
442 3489 504 3579 γάρ
527 3488 547 3581 6
573 3499 686 3582 χρῆσις
714 3490 887 3584 ὠφέλιμος
910 3490 962 3577 (ού
984 3493 1046 3582 γὰρ
1069 3493 1154 3581 πρὸς
1177 3492 1218 3564 τὸ
1240 3491 1341 3579 κρύος
1364 3485 1458 3564 εύθε-

150 3599 221 3677 τος)
245 3584 325 3662 ούτε
345 3589 431 3680 πρὸς
454 3597 582 3680 σκέπην
609 3595 673 3680 ἔχει
700 3624 733 3664 τι
756 3593 920 3682 περιττὸν
945 3595 1035 3681 παρὰ
1062 3593 1127 3683 τῆν
1156 3593 1264 3684 ἄλλην
1286 3598 1416 3683 ἐσθῆτα
1438 3589 1459 3682 6

235 3797 254 3851 9
272 3797 327 3866 vgl.
347 3795 438 3866 Eurip.
458 3796 527 3851 Hek.
546 3799 596 3853 570
617 3829 649 3836 -
671 3798 783 3856 16—20
803 3800 859 3870 vgl.
877 3799 989 3854 Aristot.
1010 3799 1076 3854 Hist.
1096 3817 1138 3853 an.
1158 3799 1182 3854 V
1201 3801 1234 3854 19
1252 3817 1276 3869 p.
1295 3802 1366 3854 5511)
1383 3801 1399 3852 9

238 3966 253 4020 1
272 3966 454 4038 παραλυποίη
473 3966 508 4019 1³³
525 3965 715 4040 παραλυπύιιη
733 3969 755 4021 Ρ
782 3973 935 4039 παραλυτιῆ
954 3971 985 4023 St
1009 3973 1012 4036 Ι
1037 3970 1054 4024 9
1083 3966 1205 4036 ἀμετρία
1223 3969 1256 4020 P¹
1276 3969 1376 4037 μετρία
1395 3969 1432 4019 Ρ*
1454 3969 1458 4035 Ι

150 4052 170 4108 8
189 4049 309 4120 (σκέπην
326 4045 413 4119 άλλην
430 4049 484 4118 μὲν
502 4049 644 4124 ἀνδράσιν,
663 4047 753 4122 ίίλλην
769 4051 800 4108 δὲ
817 4057 943 4123 γυναιξίν
961 4051 1164 4121 ἀπονεμητέον,
1183 4060 1243 4117 τοῖς
1260 4051 1313 4120 μὲν
1327 4045 1458 4118 α’νδρύσι)

152 4134 257 4204 σκέπην
283 4132 386 4204 ταύτην
409 4135 495 4190 Cobet
512 4138 586 4193 4754
606 4140 611 4203 Ι
635 4157 652 4187 ιι
669 4139 782 4192 τιθείην
809 4137 988 4209 <κρύτιτομεν
1015 4133 1047 4192 6*
1067 4141 1098 4192 st
1121 4139 1124 4205 Ι
1149 4137 1168 4191 9
1196 4133 1312 4205 δμματα
1336 4139 1459 4202 θηλειῶν

151 4219 296 4287 Ιτπὶεελιειι
313 4218 413 4274 beiden
432 4219 548 4277 Worben
566 4223 633 4278 iiber
652 4223 676 4275 d.
696 4223 723 4276 Z.
741 4223 838 4291 Rasur)
859 4224 878 4274 l>
897 4217 1003 4291 ὄμματ’
1021 4218 1148 4294 οίρσίνων
1161 4219 1253 4291 Eurip.
1269 4222 1274 4286 Ι
1292 4221 1328 4274 19
1347 4225 1399 4274 τοῦ
1415 4219 1459 4274 τό·

150 4323 201 4359 νου
219 4303 380 4358 Β.Μ11οτε1
398 4323 423 4359 ε,
442 4322 465 4359 ο.
484 4305 514 4360 Ο.
534 4307 559 4361 S.
572 4308 622 4362 294
640 4305 743 4362 τούτου
761 4307 782 4359 Ρ
797 4310 802 4374 Ι
820 4309 856 4362 16
883 4303 1003 4375 σκώληξ]
1032 4302 1064 4370 ὃς
1081 4305 1159 4374 (iiber
1177 4305 1225 4358 der
1244 4304 1329 4364 ΖεὶΙεΙ
1349 4300 1461 4372 σκώληξ

151 4389 204 4456 ΡΊΙ
221 4389 259 4444 18
277 4386 432 4460 βομβύλιον
450 4389 485 4444 Di
501 4390 647 4464 βομβύλσν
666 4392 707 4457 ΡΙ
726 4390 880 4447 νεκύδαλον
899 4393 919 4444 F
939 4399 943 4458 Ι
966 4392 1002 4445 19
1026 4387 1058 4447 έκ
1077 4391 1111 4442 1³¹
1129 4387 1145 4444 6
1165 4391 1202 4442 P*
1222 4393 1225 4456 Ι
1247 4391 1285 4445 96
1309 4391 1458 4460 σαρκικῶςΙ

151 4473 236 4544 σαῷιί
257 4491 318 4538 πως
335 4473 414 4528 Sehw
434 4478 438 4540 Ι
460 4477 508 4548 [τῷ
532 4477 662 4546 σχηματιΙ
682 4476 750 4535 Wil
772 4479 892 4547 σχήματι
915 4479 958 4544 (λη
981 4474 1010 4527 in
1027 4476 1091 4529 Rus.
1111 4473 1165 4542 Ρη]
1188 4470 1299 4542 σώματι
1318 4491 1361 4527 ειν
1381 4472 1459 4527 Βαοδ

151 4561 204 4628 ΡῚΙ
221 4558 260 4613 26
278 4549 337 4612 ὥστ
365 4553 417 4630 ούχ
437 4558 551 4630 δρῶντι]
571 4555 611 4625 ὼς
627 4569 667 4617 τιῖι
680 4557 707 4632 γ’
719 4559 822 4634 ὁρῶντι
840 4561 940 4616 Jacobs
959 4578 991 4613 zu
1010 4558 1110 4614 Achill.
1123 4557 1182 4612 Τεί.
1201 4576 1226 4628 p.
1238 4561 1288 4614 464
1300 4550 1375 4612 ὥστε
1395 4557 1459 4625 ‹66-

150 4645 214 4711 νον>
234 4635 285 4712 ούχ
304 4637 407 4712 δρῶντι
426 4646 548 4714 Bernays
563 4649 567 4712 Ι
583 4645 623 4701 29
641 4647 690 4718 τῷ]
709 4644 742 4702 τὸ
761 4647 782 4700 F
797 4649 801 4716 Ι
818 4644 883 4715 (εἰς)
903 4645 980 4698 Schw
996 4645 999 4711 Ι
1016 4645 1053 4698 99
1071 4641 1211 4712 ἐξανθεῖν]
1231 4639 1361 4709 ἐξάπτειν
1379 4642 1426 4696 Ma
