3510 5474
349 425 354 436 '
461 439 642 510 Paedngogus
659 439 706 496 111.
724 439 788 510 Gap.
806 441 827 494 I.
846 443 868 504 1,
887 439 1002 511 λ-Οιρ.
1020 442 1054 494 Π.
1072 445 1096 506 4,
1114 443 1138 497 2.
1392 451 1453 512 237

143 601 247 694 λόγος
269 599 288 676 ό
309 601 425 685 κοινὸς
447 599 585 693 ἀμφοῖν,
608 609 693 675 θεοῦ
712 609 774 691 μὲν
795 599 875 688 υίός,
896 602 1009 694 σωτὴρ
1033 610 1069 676 δὲ
1085 602 1296 692 ἀνθρώπων,
1318 613 1453 677 καὶτοῦ
1531 623 1533 628 ’

142 711 204 795 μὲν
234 702 408 788 διάκονος,
439 699 536 793 ἡμῶν
566 707 602 774 δέ
631 699 856 793 παιδαγωγός.
899 703 1026 793 δούλης
1055 710 1091 775 δὲ
1113 697 1213 792 ούσης
1235 710 1297 794 τῆς
1318 703 1485 795 σαρκόςθ

143 806 264 887 καθοδς
284 810 340 876 καὶ
363 798 382 875 ό
405 809 540 885 Παῦλος
560 819 729 892 μαρτυρεῖ,
751 808 827 885 πῶς
850 801 893 873 ἀν
915 832 967 886 τις
988 799 1130 886 εἰκότως
1152 803 1217 893 τὴν
1238 800 1451 894 θεράπαιναν

144 909 288 994 κοσμοίη
310 910 516 994 προαγωγοῦ
538 907 650 992 δίκην;
680 895 736 972 ὅτι
764 901 827 990 γὰρ
860 901 986 974 δούλου
1006 902 1121 992 μορφὴ
1144 902 1185 975 τὸ
1206 903 1375 994 σαρκικόν,
1397 909 1452 977 ἐπὶ

108 1010 208 1076 ῠτοῦ
228 1012 347 1091 κυρίου
367 1009 470 1092 φησὶν
491 996 511 1074 ἀ
534 997 739 1084 ἀπόστολος·
779 995 852 1072 »ὅτι
883 1007 1049 1074 ἐκένωσεν
1071 1003 1195 1075 ἑαυτὸν
1215 1002 1353 1096 μορφὴν
1375 1003 1452 1077 δού-

145 1113 207 1174 λου
229 1102 375 1188 λαβῶνι,
398 1102 464 1174 τὸν
485 1099 583 1183 ἐκτὸς
605 1099 796 1188 ἄνθρωπον
817 1107 943 1174 δοῦλον
964 1104 1162 1190 προσειπὼν
1184 1111 1266 1192 πρὶν
1281 1099 1302 1192 ἢ
1318 1111 1451 1176 δουλεῦ·

144 1227 199 1274 σαι
220 1209 277 1274 καὶ
298 1209 549 1292 σαρκοφορῆσαι
572 1200 636 1273 τόν
649 1199 779 1289 κύριον.
815 1195 833 1272 ό
850 1204 886 1271 δὲ
900 1201 1083 1292 συμπαθὴς
1097 1201 1179 1286 θεὸς
1198 1198 1301 1285 αύτὸς
1315 1199 1451 1293 ἧλευθέ-
1467 1211 1484 1265 3

145 1326 257 1389 ρωσεν
287 1301 352 1392 τὴν
381 1298 488 1390 σάρκα
517 1306 579 1390 τῆς
610 1306 747 1388 φθορᾶς
768 1307 824 1370 καὶ
859 1305 1013 1383 δουλείας
1042 1307 1104 1391 τῆς
1126 1298 1375 1391 θανατηφόρου
1394 1313 1452 1376 καὶ

144 1407 267 1490 πικράς
288 1398 483 1487 ἀπαλλάξας
505 1399 571 1489 τὴν
593 1396 790 1491 ἀφθαρσίαν
811 1406 1013 1489 περιέθηκεν
1035 1398 1130 1490 αύτῇ,
1161 1395 1260 1491 ἀγιον
1281 1408 1386 1475 τοῦτο
1408 1411 1452 1492 τῇ

93 1517 126 1570 10
144 1509 242 1589 σαρκὶ
264 1508 341 1588 [καὶ]
365 1496 560 1588 ἀιδιότητος
574 1499 798 1589 καλλύπισμα
812 1505 971 1589 περιθείς,
994 1499 1060 1590 τὴν
1081 1497 1281 1573 ἀθανασίαν.
1324 1505 1395 1576 ἔστι
1417 1509 1452 1574 δέ
1469 1506 1518 1570 ³‚1

88 1595 90 1600 ¹
144 1610 201 1673 καί
223 1601 308 1674 ἀλλο
331 1597 458 1684 κάλλος
480 1598 683 1689 ἀνθρώπων
705 1596 830 1690 ἀγάπη·
870 1596 1000 1690 »ἀγάπη
1023 1605 1092 1686 dd«,
1113 1599 1199 1673 κατὰ
1221 1599 1286 1673 τὸν
1307 1598 1452 1674 ἀπόστο-

144 1713 218 1785 λον,
245 1711 479 1790 »μακροθυμελ
501 1698 728 1790 χρηστεύεται,
750 1695 792 1772 ού
807 1708 908 1788 ζηλοῖ,
931 1696 972 1770 ού
986 1698 1237 1790 περπερεύεται,
1261 1698 1302 1772 ού
1316 1708 1453 1789 φυσιοῦ

143 1830 230 1872 ταιι
275 1809 456 1890 περπερεία
487 1799 550 1891 γὰρ
571 1794 590 1872 ό
612 1798 854 1888 καλλωπισμὸς
883 1797 1132 1888 περιττότητος
1156 1807 1211 1871 καί
1234 1795 1451 1891 ἀχρειύτητος

142 1903 233 1989 ἔχων
254 1903 405 1988 ἔμφασιν.
448 1900 500 1972 διὸ
523 1907 579 1971 καλ
600 1903 773 1988 ἐπιῖφέρει·
799 1895 879 1970 »ούκ
901 1895 1106 1989 ἀσχημονεῑπ
1152 1898 1302 1990 ἄσχημον
1324 1899 1386 1990 γὰρ
1408 1901 1450 1974 τὸ
1468 1908 1588 1966 λσθΡθ

93 2021 125 2074 15
143 1995 330 2087 ἀλλότριον
360 2005 415 2070 καὶ
436 1998 481 2089 μὴ
503 1999 591 2070 κατὰ
612 1996 716 2086 φύσιν
739 2004 858 2087 σχῆμα·
901 1999 943 2071 τὸ
965 1995 998 2070 δ’
1021 2003 1233 2073 ἐπίπλαστον
1260 1995 1451 2089 ἀλλότριον,

144 2093 229 2190 ὅπερ
260 2103 425 2188 ἐξηγεῖται
454 2107 587 2186 σαφῶς,
622 2093 682 2169 »ού
712 2107 822 2186 ζητεῖ(
847 2095 956 2188 φήσας
980 2097 1039 2170 »τὸ
1060 2098 1105 2188 μὴ
1128 2099 1280 2189 ἑαυτῆςι·
1324 2098 1451 2190 τὸγὰρ

144 2204 234 2270 ἴδιον
256 2193 276 2286 ἦ
297 2194 441 2288 ἀλήθεια
457 2197 499 2272 τὸ
515 2202 642 2271 οίκείον
656 2209 760 2282 καλεῖ,
784 2197 825 2270 τὸ
841 2194 874 2269 δ’
891 2195 1078 2287 ἀλλότριον
1093 2194 1113 2287 ἡ
1129 2208 1334 2288 φιλοκοσμία
1350 2209 1452 2290 ζητεῖ,

142 2297 244 2380 ἐκτός
273 2289 357 2369 ούσα
386 2304 440 2370 καὶ
472 2305 535 2370 τοῦ
565 2303 650 2371 θεοῦ
680 2307 734 2369 καί
767 2295 957 2386 τοῦλόγου
987 2304 1041 2370 καί
1065 2304 1126 2388 τῆς
1148 2295 1287 2389 ἀγάπης.
1329 2297 1392 2372 τὸν
1415 2305 1485 2372 δέθ

143 2396 263 2484 κύριον
292 2394 400 2469 αύτὸν
431 2397 495 2486 τὴν
526 2390 609 2484 ὄφιν
640 2397 778 2486 αἰσχρὸν
808 2403 984 2487 γεγονέναι
1015 2396 1069 2470 διὰ
1089 2394 1224 2470 Ἠσαίου
1253 2398 1295 2472 τὸ
1322 2405 1452 2490 πνεῦμα

92 2515 126 2570 20
143 2516 316 2586 μαρτυρεῖ·
355 2503 428 2568 »καὶ
450 2500 582 2584 εἴδομεν
603 2493 719 2581 αύτόν,
742 2504 797 2567 καὶ
820 2493 882 2568 οῦκ
904 2499 991 2586 εἶχεν
1013 2499 1100 2582 είδος
1115 2495 1193 2574 οῦδὲ
1207 2494 1342 2584 κάλλος,
1365 2494 1453 2572 ἀλλὰ

144 2594 186 2667 τό
217 2597 306 2678 είδος
336 2593 441 2667 αύτοῦ
472 2595 608 2685 ἄτιμον,
641 2601 800 2668 ἐκλεῖπον
820 2596 913 2683 παρὰ
935 2596 1017 2679 τούς
1039 2593 1275 2686 ἀνθρώπουςπ
1322 2605 1376 2668 καί
1399 2607 1452 2684 τίς

144 2691 295 2785 ἀμείνων
315 2703 446 2786 κυρίου;
477 2692 550 2769 ἀλλ’
574 2691 615 2766 ού
638 2693 678 2766 τὸ
700 2691 826 2778 κάλλος
858 2703 918 2787 τῆς
939 2696 1063 2784 σαρκὸς
1085 2698 1127 2770 τὸ
1150 2695 1452 2786 φαντασιαστικόν,

145 2795 187 2867 τὸ
220 2801 255 2867 δὲ
278 2791 445 2886 ἀληθινὸν
465 2803 521 2866 καί
542 2802 604 2885 τῆς
625 2801 735 2884 φυχῆς
756 2803 812 2866 καί
833 2803 897 2867 τοῦ
918 2795 1076 2885 σώματος
1106 2801 1295 2885 ἐνεδείξατο
1317 2795 1454 2884 κάλλος,

145 2902 206 2985 τῆς
228 2902 289 2984 μὲν
311 2891 351 2965 τὸ
375 2891 595 2985 εύεργετικόν,
619 2895 660 2968 τὸ
683 2899 718 2966 δὲ
740 2891 921 2967 ἀθάνατον
943 2902 1004 2985 τῆς
1027 2891 1158 2984 σαρκός.

94 3161 126 3214 25
510 3148 549 3215 ΙΙ.
563 3136 636 3214 (Ότι
657 3139 700 3214 ού
719 3143 781 3233 χρὴ
803 3149 1086 3231 καλλωπίζεσθαι.

230 3305 299 3379 Οῦκ
321 3307 386 3398 ἀρα
408 3305 428 3399 ἡ
450 3305 618 3397 πρόσοψις
640 3315 703 3381 τοῦ
726 3308 825 3392 ἐκτὸς
847 3305 1046 3398 ἀνθρώπου,
1071 3309 1158 3385 ἀλλὰ
1181 3309 1307 3404 ἡψυχὴ
1322 3320 1452 3384 καλλω-
1469 3326 1519 3391 4,1

143 3413 265 3481 πιστέα
295 3415 346 3498 τῷ
378 3413 440 3496 τῆς
466 3405 718 3499 καλοκάγαθίας
741 3406 942 3500 κσσμήματι·
986 3417 1035 3504 εἴη
1060 3411 1092 3485 δ’
1116 3410 1158 3486 ἀν
1180 3421 1236 3486 καὶ
1258 3413 1325 3504 τὴν
1346 3409 1452 3504 σάρκα

144 3515 252 3578 εἰπεῖν
274 3514 324 3596 τῷ
347 3513 409 3597 τῆς
423 3511 617 3597 ἐγκρατείας
638 3507 763 3602 κόσμῳ.
807 3513 843 3580 αἳ
864 3517 908 3596 δέ,
931 3511 997 3603 τὴν
1019 3511 1221 3602 ἐπιφάνειαν
1242 3511 1452 3601 καλλωπιζό-

143 3635 242 3694 μενοι
263 3613 318 3677 καί
339 3605 383 3677 τὰ
404 3604 495 3695 βάθη
517 3608 743 3700 γερσούμεναι,
766 3608 930 3700 λελήθασι
952 3620 1040 3701 σφᾶς
1063 3611 1167 3699 αύτάς
1188 3615 1277 3688 κατὰ
1300 3612 1380 3698 τούς
1397 3618 1452 3684 Αί-

93 3722 127 3776 30
144 3711 300 3795 γυπτίονν
315 3713 496 3796 κοσμοῦσαι
513 3707 627 3792 ναούς·
651 3708 849 3800 προπύλαια
864 3709 943 3802 παρ’
961 3710 1076 3799 αύτοῑς
1091 3722 1146 3786 καὶ
1161 3723 1454 3805 προτεμενίσματα
1470 3729 1487 3784 2

229 3892 270 3949 ῦί
284 3891 354 3946 Phil.
373 3891 397 3958 2,
416 3896 431 3948 7
450 3923 482 3933 -
502 3896 615 3952 11-16
631 3897 871 3966 ΙΚοε.13,4ί-
889 3901 955 3958 2⁰1
978 3903 1031 3958 Jes.
1050 3905 1091 3971 53,
1109 3905 1144 3958 25
1159 3934 1192 3942 —
1210 3903 1310 3960 28-8.
1329 3902 1396 3967 2⁸⁸,
1416 3901 1453 3956 15

145 3976 256 4030 Mfinzel
272 3976 398 4032 verweint
415 3977 463 4032 οιιί
479 3978 542 4033 Luc.
561 3981 647 4052 Imag.
668 3986 699 4038 ll
718 3978 751 4040 αῗ
774 4004 807 4055 γε
826 3993 955 4042 τοιαῦται
974 3979 1076 4056 ὅμοιαί
1096 4007 1146 4057 μοι
1164 3990 1279 4044 δοκοῦσι
1294 3995 1355 4051 τοῖς
1372 3983 1453 4054 Αἰγυ-

145 4063 237 4127 πτίοις
254 4056 352 4134 ίεροῐς·
387 4059 474 4118 κάκεῖ
487 4061 543 4134 γὰρ
561 4059 648 4131 αύτδς
664 4065 719 4136 μὲν
737 4065 753 4124 δ
772 4069 842 4136 ναὸς
858 4069 1009 4138 κάλλιστός
1025 4091 1056 4128 τε
1073 4075 1123 4128 καί
1134 4071 1275 4143 μέγιστος,
1292 4071 1384 4134 λίθοις
1395 4073 1454 4132 τοῖς

145 4143 325 4202 πολυτελέσιν
342 4145 500 4216 ἠσκημένος
526 4150 575 4204 καί
599 4157 694 4224 χρυσῷ
713 4156 762 4211 καί
779 4163 904 4230 γραφαῖς
921 4155 1132 4227 διηνθισμένος·
1167 4153 1249 4212 ἔνδον
1270 4155 1300 4212 δὲ
1317 4149 1352 4223 ἢν
1371 4155 1454 4222 ζητῇς

145 4227 195 4285 τδν
212 4227 292 4296 θεόν,
310 4225 328 4299 ἢ
346 4231 467 4301 πίθηκός
484 4229 560 4289 ἐστιν
577 4230 596 4306 ἢ
614 4229 668 4310 ἶβις
685 4233 703 4309 ἢ
729 4237 872 4312 τράγοςῆ
895 4237 1035 4314 αίλουρσς.
1071 4241 1127 4312 vgl.
1145 4239 1224 4295 Diod.
1244 4239 1315 4294 Bibl.
1333 4237 1347 4291 1
1365 4239 1407 4303 83,
1426 4241 1452 4300 ];

144 4313 204 4372 ενα
224 4313 298 4385 orig.
317 4332 339 4370 ι.
358 4315 427 4371 σοι.
446 4317 485 4371 111
503 4321 535 4372 α
554 4320 654 4391 (1215,
676 4325 775 4380 ιο-ει
789 4326 832 4393 Κ.)

228 4465 386 4536 λκοσμοίη
405 4466 440 4520 1³³
457 4467 590 4542 κοομάνιη
608 4474 646 4528 Ρ*
662 4477 666 4544 Ι
680 4478 780 4547 μορφη
799 4479 834 4546 Sy
851 4479 968 4548 μορφὴν
984 4478 1026 4545 ΡΙ
1044 4478 1082 4533 10
1099 4474 1167 4547 [καί]
1186 4471 1352 4534 Markland!
1371 4471 1407 4527 15
1425 4463 1451 4524 δ’

145 4549 331 4604 anamiim?
346 4555 350 4614 Ι
367 4551 406 4606 θθ
422 4561 583 4623 κοσμοῦσαι
600 4559 701 4626 ναούς·
720 4561 819 4619 Jacobs
838 4582 870 4618 zu
883 4563 983 4619 Achill.
996 4562 1056 4617 Τεί.
1068 4581 1093 4632 p.
1106 4561 1155 4616 607
1174 4556 1307 4624 κόσμους,
1326 4547 1370 4620 οἷς
1386 4555 1453 4610 ναοί

145 4633 192 4688 καί
210 4632 232 4688 P
250 4631 386 4702 κόσμους
406 4633 434 4692 οί
453 4641 519 4694 ναοί
536 4644 586 4698 καί
603 4643 644 4700 Ηε
659 4646 664 4714 Ι
680 4649 906 4718 προταινίσματα
925 4649 946 4704 F
