3538 5462
304 427 364 488 226
887 421 1019 476 Clemens.

303 579 343 652 τό
375 579 456 672 αίμα
486 581 614 654 τούτωι
653 585 809 669 ἐξανθεῖν
840 581 905 672 τὴν
934 581 1128 674 πορφύραν.
1171 578 1259 656 ἀλλὰ
1290 589 1345 652 καὶ
1376 601 1449 664 τοῖς
1480 588 1648 671 λίχνοις2

301 677 492 772 δφάσμασιν
512 681 833 772 έχκαταμιγνύουσαι
854 688 889 755 αλ
910 689 1046 772 δολεραὶ
1069 701 1222 772 γυναῖκες
1242 688 1298 752 καί
1320 689 1395 754 τῶν
1417 678 1553 772 ἀνδρῶν
1576 688 1608 755 σί

301 782 520 870 γυναικώδεις
553 781 613 864 τὰς
643 782 784 870 δολερᾶς
814 781 923 871 βαφὰς
957 791 1199 872 μαργαίνουσιν
1227 790 1305 871 περὶ
1335 781 1401 871 τὴν
1436 779 1607 872 ἀμετρίαν,

301 877 415 953 οάκέτι
436 881 498 964 τάς
520 876 650 965 ὀθόνας
671 881 734 964 τάς
749 877 807 954 ἀπ’
825 881 1014 971 Αἰγύπτου,
1036 881 1141 963 ἀλλος
1159 887 1196 954 δέ
1210 909 1306 964 τινας
1320 885 1358 952 έκ
1372 887 1432 971 γῆς
1447 877 1610 972 Ἐβραίων
1719 929 1727 940 ·

266 990 356 1052 ὅκαὶ
388 990 538 1054 Κιλίκων
574 979 827 1072 ίκποριζόμενοι
863 987 930 1070 γῆς.
961 981 1005 1052 τὰ
1041 986 1076 1052 δὲ
1113 977 1276 1070 ἀμόργινα
1312 989 1368 1051 καὶ
1398 982 1442 1052 τὰ
1471 981 1609 1065 βύσσινα

299 1088 433 1152 σιωπῶ·
468 1077 802 1170 ύπερεκπέπαικενὴ
833 1079 947 1170 τρυφὴ
969 1087 1024 1152 καὶ
1055 1080 1121 1170 τὴν
1151 1073 1345 1169 ὀνομασίαν.
1398 1087 1449 1154 δεῖ
1476 1089 1512 1153 δὲ
1543 1082 1646 1172 τὴν3

300 1187 437 1271 σκέπην,
469 1181 569 1269 οίμαι,
600 1177 684 1251 αύτό
707 1176 812 1271 αὐτῆς
833 1199 993 1267 κρεῖττον
1015 1177 1221 1267 ἀποφαίνειν
1244 1178 1285 1252 τὸ
1307 1177 1527 1270 σκεπόμενον,
1558 1183 1607 1266 εδς

299 1278 339 1350 τό
363 1279 495 1370 ἄγαλμα
517 1287 580 1352 τοῦ
602 1281 670 1350 νεώ
692 1286 747 1352 καὶ
770 1279 835 1369 τὴν
856 1279 967 1370 ηυχὴν
989 1281 1228 1370 τοῦσώματος
1250 1285 1306 1350 καὶ
1327 1288 1389 1370 τῆς
1403 1285 1551 1371 ἐσθῆτος
1566 1283 1606 1354 τό

298 1386 402 1468 σῶμα.
446 1386 520 1450 νυνὶ
542 1385 578 1451 δέ
599 1386 669 1452 πᾶν
691 1375 905 1464 τούναντίον,
928 1377 969 1450 τὸ
991 1386 1052 1468 μέν
1074 1387 1171 1470 σῶμα
1192 1377 1309 1464 αύταίς
1325 1387 1353 1451 εἰ
1367 1379 1605 1470 πιπράσκοιτο,
1624 1399 1644 1448 4

247 1489 280 1542 10
298 1476 361 1551 ούκ
396 1477 440 1550 ἄν
469 1507 554 1552 ποτε
584 1487 693 1568 χιλίας
723 1473 816 1568 εύροι
844 1475 1006 1564 Ἀττικάς,
1042 1487 1123 1568 μίαν
1153 1485 1191 1551 δέ
1218 1509 1286 1552 που
1315 1486 1445 1568 ἐσθῆτα
1475 1491 1606 1569 μυρίων

297 1576 482 1651 ταλάντων
510 1576 703 1668 ὠνούμεναι
728 1585 816 1666 σφᾶς
842 1575 947 1661 αύτάς
977 1572 1191 1668 ἀχρειοτέρας
1220 1585 1276 1651 καὶ
1307 1576 1509 1669 ἀτιμοτέρας
1532 1588 1606 1652 τῶν

295 1675 507 1767 ύφασμάτιον
529 1683 727 1767 ἐλέγχουσιν.
764 1685 797 1749 τί
818 1674 896 1749 ποτ’
920 1669 982 1748 ούν
1004 1677 1144 1749 διώκετε
1164 1677 1207 1750 τά
1222 1677 1347 1751 σπάνια
1362 1686 1418 1749 καὶ
1431 1687 1604 1769 πολυτελῆ
1623 1689 1642 1742 5

295 1777 363 1865 πρὸ
386 1785 459 1849 τῶν
480 1782 518 1849 έν
541 1787 631 1868 μέσῳ
653 1784 806 1850 καὶτῶν
828 1774 994 1861 εύτελῶν,·
1024 1770 1079 1848 ότι
1110 1775 1264 1865 ἀγνοεῖτε
1294 1779 1334 1850 τὸ
1362 1772 1475 1861 όντως
1496 1779 1604 1852 καλὸν

294 1886 351 1948 καὶ
373 1875 414 1949 τό
437 1871 550 1960 ὄντως
572 1874 716 1967 ἀγαθόν·
738 1885 794 1948 καὶ
820 1872 896 1947 ἀντὶ
921 1884 995 1948 τῶν
1022 1869 1138 1948 όντων
1159 1877 1203 1948 τά
1225 1884 1394 1949 δοκοῦντα
1415 1878 1506 1964 παρὰ
1530 1899 1604 1960 τοις

245 1987 276 2038 15
294 1973 456 2066 ἀνοήτοις
477 1973 709 2063 σπουδάζεται,
733 1982 768 2048 οἳ
788 1996 860 2060 τοῖς
881 1971 1063 2065 μεμηνόσιν
1084 1972 1135 2048 ἐπ’
1152 1980 1224 2065 ἴσης
1237 1977 1278 2048 τά
1294 1976 1396 2050 λευκά
1413 1980 1461 2059 ὠς
1474 1984 1604 2067 μέλανα

296 2075 536 2164 φαντάζονται.
556 2085 560 2160 Ι

754 2278 807 2346 XI.
835 2281 915 2364 Περὶ
938 2270 1138 2356 ύποδέσεως.
1619 2287 1675 2340 240
1690 2288 1716 2339 P
1762 2313 1763 2326 ι

376 2423 613 2515 Παραπλήσιαι
643 2430 678 2496 δὲ
707 2431 763 2495 καί
794 2431 870 2512 περὶ
901 2424 962 2506 τὰς
991 2421 1166 2508 ύποδέσεις
1194 2430 1276 2496 είσλν
1298 2429 1331 2496 αἱ
1352 2421 1512 2513 ἀλαζόνες
1535 2426 1600 2517 τὴν
1619 2455 1713 2514 116,1

293 2527 427 2616 πολλὴν
453 2532 611 2611 βλακείαν
630 2527 635 2614 Ι
653 2519 832 2596 κάνταῦθα
854 2523 1126 2612 ἐπιδεικνύμεναι,
1149 2523 1265 2614 αίσχρά
1289 2531 1371 2613 γοῦν
1393 2521 1533 2615 ἀληθῶς
1556 2527 1600 2598 τδι
1617 2549 1694 2603 οᾫὸ

241 2641 275 2695 20
293 2624 456 2700 σανδάλια
478 2629 597 2708 έκείνα,
620 2618 672 2710 ἐφ’
695 2623 745 2704 οίς
767 2628 837 2694 ἐστι
859 2622 902 2694 τά
923 2631 1027 2714 χρυσᾶ
1049 2621 1192 2710 ἀνθεμα,
1214 2619 1302 2695 ἀλλά
1323 2629 1379 2694 καὶ
1400 2625 1481 2708 τούς
1495 2621 1601 2714 ἥλους

294 2729 487 2806 ἓλικοειδῶς
518 2740 590 2804 τοῖς
620 2721 827 2812 καττύμασιν
857 2721 1119 2811 έγκατακρούειν
1146 2719 1304 2809 ἀξιοῦσιν,
1337 2731 1460 2794 πολλοὶ
1488 2731 1600 2796 δὲκαὶ

292 2825 478 2914 ἐρωτικούς
500 2819 694 2911 ἀσπασμούς
716 2819 978 2912 ίγχαράττουσιν
1001 2818 1125 2906 αύτοῑς,
1148 2819 1197 2904 οδς
1219 2817 1262 2891 ἀν
1282 2825 1319 2893 έκ
1341 2828 1402 2912 τῆς
1416 2821 1601 2908 έπιβάσεως

292 2927 513 3015 ῥυθμίζουσαι
529 2921 593 3012 τὴν
608 2927 682 3010 γῆν,
705 2921 746 2993 τὸ
769 2921 939 3009 ἑταιρικὸν
954 2927 1016 2994 τοῦ
1031 2918 1250 3010 φρονήματος
1265 2926 1301 2992 ἐκ
1317 2929 1381 2993 τοῦ
1394 2930 1599 3013 βαδίσματος

290 3029 661 3113 ε’ναποσφραγίσωνται.
702 3028 830 3109 χαίρειν
852 3013 914 3092 σύν
928 3025 1048 3091 έατέον
1064 3019 1125 3103 τάς
1140 3021 1338 3110 ἐπιχρύσους
1352 3030 1408 3093 καὶ
1423 3028 1599 3106 διαλίθους
1616 3043 1636 3096 2

240 3139 272 3193 25
290 3131 364 3195 τῶν
394 3129 587 3195 σανδαλίων
612 3128 871 3210 ματαιοτεχνίας
901 3128 957 3191 καὶ
977 3126 1142 3210 κρηπῖδας
1164 3117 1392 3204 Ἀττικάςκαὶ
1414 3121 1475 3204 τὰς
1497 3131 1597 3194 Σικυ

290 3231 392 3306 ωνίας
414 3229 469 3294 καὶ
491 3222 572 3304 τούς
593 3219 792 3308 κοθόρνους,
815 3215 979 3306 Περσικάς
1002 3247 1037 3288 τε
1052 3227 1107 3289 καὶ
1127 3217 1341 3310 Τυρρηνικός,
1363 3229 1599 3312 προθεμένους

290 3328 325 3394 δὲ
350 3322 470 3404 καθὼς
497 3325 577 3404 έθσς
604 3329 646 3410 τῇ
674 3317 817 3410 ἀληθεία
845 3315 941 3407 ἡμῶν
967 3316 1033 3389 τὸν
1058 3317 1190 3390 σκοπόν
1217 3318 1280 3390 τὸν
1307 3314 1419 3408 δρθόν
1446 3319 1486 3390 τὸ
1508 3322 1598 3392 κατὰ

290 3419 392 3507 φύσιν
413 3425 557 3508 ἐκλέγειν
577 3418 650 3509 χριΙ.
686 3415 706 3508 ἦ
730 3417 792 3508 γάρ
813 3424 928 3508 χρῆσις
950 3424 1023 3487 τῶν
1043 3413 1277 3507 ὑποδημάτων
1299 3417 1400 3510 ἢμὲν
1414 3417 1531 3490 αὐτῶν
1550 3427 1593 3505 εί,

216 3605 223 3614 1
289 3525 416 3608 σκέπην
441 3524 570 3604 ποδῶν,
597 3516 618 3607 ίΙ
641 3524 676 3589 δὲ
699 3524 745 3600 είς
765 3515 993 3606 προφυλακὴν
1014 3523 1088 3588 τῶν
1110 3515 1424 3604 προσπταισμάτων
1445 3527 1499 3589 καλ
1523 3527 1597 3591 τῶν

237 3641 271 3692 30
289 3616 511 3706 σ’ρειβατικῶν
527 3615 752 3707 τραχυτήτων
769 3616 832 3706 τὴν
846 3624 956 3706 πέλμα
970 3616 1077 3698 ποδὸς
1093 3615 1274 3706 σῴζουσαν.
1311 3627 1441 3705 γυναιξὶ
1455 3625 1516 3706 μὲν
1532 3612 1597 3690 οὖν
1616 3643 1703 3706 11ῖ,1

370 3789 413 3844 et
427 3788 483 3858 vgl.
501 3787 640 3842 Musonius
657 3787 703 3841 bei
721 3786 796 3841 Βίου.
815 3785 887 3840 Flor.
906 3790 929 3852 1,
947 3787 981 3842 84
1000 3787 1082 3844 Mein.
1100 3787 1136 3856 (S.
1155 3788 1212 3852 173,
1231 3790 1264 3842 14
1282 3787 1381 3855 Hense)
1408 3788 1453 3843 δεῖ
1469 3785 1524 3858 γὰρ
1543 3791 1596 3857 τὴν

287 3873 393 3942 σκέπην
411 3871 496 3940 αὐτῆς
514 3867 624 3943 Ιέαντῆς
641 3872 741 3938 Hense)
758 3877 888 3943 κρεῖττον
907 3868 1079 3939 ἀποφαίνειν
1096 3870 1130 3924 τδ
1150 3870 1329 3940 σκεπόμενον
1345 3873 1394 3927 καλ
1412 3867 1597 3943 ἰσχυρότερον

286 3989 319 3998 -
338 3959 382 4015 81
397 3959 452 4028 vgl.
471 3957 504 4011 Κ.
523 3957 680 4018 Praeehter,
698 3955 797 4025 BphW
817 3956 882 4010 1896
900 3956 925 4008 S.
943 3957 994 4010 904
1012 3985 1045 3993 —
1065 3954 1128 4010 lor
1152 3954 1350 4023 vgl.cA1⁴¹111
1378 3973 1403 4025 p.
1421 3959 1471 4011 503
1494 3957 1596 4028 Adesp.

286 4047 337 4102 516
355 4073 387 4082 -
407 4045 447 4098 20
465 4041 520 4113 vgl.
539 4039 741 4111 Kephisodoros
758 4039 866 4108 Fragm.
885 4042 902 4095 4
920 4037 987 4092 CAF
1005 4037 1016 4090 1
1035 4055 1061 4108 p.
1078 4039 1143 4104 801;
1163 4039 1262 4094 Pollux
1281 4038 1383 4095 vl187

373 4189 452 4262 ῙτδΙ
471 4199 503 4257 -Ι-
521 4191 554 4247 τδ
573 4189 741 4260 Ρ2Ι4γῆςΙ
758 4195 808 4257 τῆς
825 4187 896 4258 Wil
920 4188 959 4244 θ(
981 4185 1015 4243 τδ
1034 4185 1140 4243 σκέπον
1160 4190 1246 4245 Cobet
1264 4191 1365 4258 18517
1388 4186 1473 4259 αὑτῆς
1490 4190 1595 4245 Wend·

285 4277 359 4340 land,
384 4275 464 4331 Philo
487 4295 512 4330 u.
540 4277 566 4328 d.
592 4274 841 4344 kynisch-stoische
867 4273 953 4328 Diatr.
980 4275 1005 4327 S.
1025 4275 1058 4328 70
1084 4269 1210 4328 αδτοῦΡ
1237 4272 1323 4342 αὐτῆς
1348 4275 1388 4330 Ρο
1415 4292 1463 4328 aus
1490 4274 1565 4329 θεοί).
1589 4279 1593 4344 Ι

286 4362 322 4416 ll
343 4358 510 4430 [ταλάντων]
528 4359 621 4424 Cobet,
640 4358 773 4413 Mnemon.
792 4363 823 4412 11
843 4358 930 4425 (1862)
948 4374 973 4426 p.
992 4359 1041 4412 385
1058 4357 1062 4424 Ι
1079 4358 1117 4412 18
1134 4353 1164 4412 έν
1182 4356 1270 4433 μέσῳ]
1288 4357 1402 4428 έμμέσιυ
1421 4359 1442 4411 Ρ
1460 4355 1593 4427 έμμέσων

284 4444 320 4498 Ρ3
344 4447 348 4514 Ι
373 4445 413 4500 20
439 4439 554 4512 ἀνθεμα
572 4444 642 4499 Poll.
669 4439 818 4511 ἀνθέματα
836 4443 871 4495 P¹
897 4439 1066 4509 ἀναθέματα
1084 4441 1122 4493 P*
1146 4445 1150 4510 Ι
1172 4443 1210 4498 28
1237 4443 1299 4512 γῆν]
1318 4451 1351 4507 -Ι-
1369 4444 1418 4498 καί
1434 4444 1502 4497 iiber
1520 4443 1545 4496 δ.
1565 4445 1592 4497 Z.

284 4529 320 4581 Ρ2
343 4531 348 4596 Ι
371 4530 409 4584 27
438 4525 570 4597 ἀληθείαι
593 4528 622 4580 in
640 4527 701 4581 Rae.
720 4527 755 4579 1³¹
779 4529 783 4595 Ι
808 4527 846 4582 29
869 4523 1131 4595 προσπταισμάτων
1150 4527 1185 4595 Sy
1205 4525 1253 4596 (im
1271 4528 1367 4596 Index)
1393 4524 1593 4597 προπταισμά-

283 4631 341 4668 των
359 4613 381 4664 Ῥ
