3520 5498
271 356 328 416 χρη
861 343 992 400 clemens.

271 508 336 598 τήν
358 509 480 579 ἑαυτοῦ
502 506 631 597 λύτρον
653 503 730 580 ἀντὶ
754 515 912 579 πολλῶνι
937 503 1209 595 ύπισχνούμενσς.
1245 512 1373 578 τοῦτον
1396 505 1461 596 γάρ
1475 525 1632 595 μσνον2

270 604 431 697 ὁμολογεῖ
459 604 593 698 ἀγαθόν
624 609 708 679 εἰναι
738 612 895 696 ποιμένα·
938 605 1176 696 μεγαλόδωρος
1207 597 1269 678 οῦν
1298 601 1318 676 ό
1350 607 1391 678 τό
1422 613 1595 698 μέγιστον

268 706 354 798 ύπὲρ
376 704 483 798 ἡμῶν,
507 706 572 797 τήν
593 706 705 796 φνχήν
720 703 835 784 αύτοῦ,
859 705 1036 790 ἐπιδιδούς,
1057 713 1113 775 καὶ
1128 706 1374 796 μεγαλωφελής
1392 716 1449 777 καὶ
1464 707 1594 796 φιλάν-

270 819 423 894 θρωπος,
447 802 503 878 ότι
523 817 580 878 καὶ
602 803 813 896 ἀνθρώπων,
836 807 914 892 ἰξόν
935 807 1023 876 εἶναι
1043 803 1173 894 κύριος,
1197 802 1344 893 ἀδελφός
1365 808 1451 879 εἶναι
1469 808 1595 894 βεβού-

235 916 381 996 δίηται·
412 901 431 978 ό
454 913 566 978 δὲκαὶ
588 912 635 988 εἰς
658 912 829 980 τοσοῦτον
850 901 980 994 ἀγαθός
1003 903 1092 976 ῶστε
1115 902 1281 995 ἡμῶνκαὶ
1296 901 1593 994 ῦκερακοθανεῑν.

270 1005 356 1079 ἀλλὰ
379 1015 435 1078 καὶ
457 1003 478 1095 ἡ
500 1005 697 1096 δικαιοσύνη
719 1013 881 1095 κέκραγεν
902 1001 1022 1076 αῦτσῦ·
1068 1004 1145 1076 »ἐάν
1168 1000 1270 1093 όρθοὶ
1296 1005 1383 1096 πρός
1403 1035 1444 1096 με
1466 1002 1591 1096 ήκητε,
1612 1023 1629 1075 3

268 1101 363 1195 κάγῶ
387 1102 493 1195 όρθός
514 1105 600 1194 πρὸς
622 1103 718 1195 ύμάς·
749 1104 808 1177 ἐὰν
830 1103 967 1194 πλάγιοι
982 1103 1184 1192 πορεύησθε,
1208 1101 1302 1195 κάγῶ
1318 1103 1470 1195 πλάγιος,
1493 1113 1590 1196 λέγει

269 1206 385 1292 κύριος
406 1212 480 1276 τῶν
503 1206 709 1295 δυνάμεωνι,
733 1202 794 1288 τὰς
816 1203 1009 1294 ἐπιπλήξεις
1030 1211 1105 1276 τῶν
1127 1199 1345 1295 ἁμαρτωλῶν
1365 1214 1514 1296 πλαγίας
1537 1213 1591 1278 αἰ-

270 1302 469 1393 νιττόμενος
500 1300 608 1388 όδσύς.
652 1301 672 1394 ή
701 1304 765 1394 γάρ
796 1301 910 1375 εῦθεια
933 1311 988 1374 καὶ
1010 1304 1098 1375 κατά
1120 1302 1231 1392 φύσιν,
1263 1301 1307 1392 ἣν
1330 1311 1519 1377 αἰνίττεται
1543 1307 1627 1378 τὸι

219 1421 252 1475 10
269 1411 357 1476 ἰῶτα
380 1411 442 1475 τοῦ
463 1400 575 1493 Ἰησοῦ,
598 1400 618 1494 ἦ
640 1401 846 1494 ἀγαθωσύνη
861 1402 984 1492 αὐτοῦ,
1006 1401 1027 1492 ή
1054 1411 1058 1490 Ι
1082 1403 1169 1492 πρὸς
1191 1403 1272 1486 τοῦς
1294 1409 1329 1491 ἐξ
1349 1401 1504 1495 ύπακσῆς
1526 1434 1588 1477 πε·
1611 1418 1688 1474 1491J

270 1500 494 1585 πιστευκότας
516 1500 760 1595 ἀμετακίνητός
781 1533 818 1575 τε
840 1509 896 1574 καὶ
919 1499 1075 1591 ἀρρεπής.
1120 1505 1255 1592 »ἐπειδὴ
1277 1501 1420 1576 ἐκάλουν
1442 1513 1498 1576 καὶ
1522 1503 1588 1594 ούχ

270 1598 467 1692 ῦπηκούετε,
490 1609 576 1692 λέγει
598 1602 721 1692 κύριος,
745 1601 832 1676 ἀλλὰ
854 1601 998 1690 ἀκύρους
1020 1607 1165 1675 ἐποιεῖτε
1181 1603 1243 1686 τὰς
1258 1601 1337 1690 ἐμάς
1351 1600 1487 1687 βουλάς,
1511 1623 1587 1686 τοῖς

271 1709 305 1774 δὲ
329 1708 419 1792 ἐμοῖς
441 1708 588 1793 ἐλέγχοις
610 1700 651 1775 οῦ
673 1711 892 1793 προσείχετει
940 1696 1052 1784 ούτως
1075 1698 1094 1774 ό
1114 1700 1274 1790 κυριακός
1300 1706 1436 1792 ἔλεγχος
1459 1701 1585 1790 ῶφελι-

166 1826 170 1849 ‘
270 1803 439 1892 μῶτατος.
455 1819 467 1874 ί
481 1810 557 1894 περὶ
579 1803 718 1876 τούτων
739 1811 795 1874 καὶ
818 1802 871 1874 διὰ
888 1809 991 1890 Δαβὶδ
1010 1808 1112 1892 λέγει·
1139 1803 1255 1890 »γενεά
1270 1802 1389 1875 σκολιὰ
1403 1811 1459 1873 καὶ
1475 1833 1583 1894 παρα·
1604 1823 1669 1884 8111

220 1918 252 1972 15
270 1909 503 1992 πικραίνουσα,
534 1903 630 1991 γενεά
653 1900 728 1993 ήτις
751 1900 791 1976 οῦ
811 1901 1022 1974 κατεύθυνεν
1045 1901 1110 1991 τήν
1131 1909 1273 1992 καρδίαν
1294 1905 1407 1991 αὐτῆς,
1439 1909 1495 1974 καὶ
1519 1901 1582 1976 ούκ

270 2005 448 2093 ἐπιστῶθη
478 2003 563 2092 μετὰ
595 2009 657 2074 τοῦ
687 2011 772 2076 θεοῦ
802 2001 843 2074 τὸ
871 2010 1000 2088 πνεῦμα
1032 1998 1144 2089 αῦτής.
1188 1998 1250 2075 οῦκ
1280 1999 1494 2089 ἐφυλάξαντο
1518 2003 1581 2092 τήν

271 2099 440 2190 διαθήκην
462 2107 526 2173 τοῦ
547 2109 632 2173 θεοῦ
652 2111 708 2174 καί
731 2107 767 2172 ἐν
790 2110 840 2191 τῷ
866 2098 962 2191 νόμῳ
985 2097 1092 2172 αῦτοῦ
1114 2098 1175 2173 σῦκ
1194 2097 1324 2190 ἤθελον
1346 2100 1577 2188 πορεύεσθαιι

272 2193 372 2272 αῦται
395 2208 498 2273 αἰτίαι
521 2208 810 2290 παραπικρασμοῦ,
834 2197 874 2274 δι’
898 2199 937 2284 ἃς
959 2195 978 2272 ό
1000 2200 1118 2290 κριτής
1140 2203 1271 2288 ἔρχεται
1292 2200 1358 2291 τήν
1377 2208 1476 2291 δίκην
1492 2208 1581 2273 ἐποί-

271 2326 343 2371 σων
374 2319 447 2383 τοις
469 2299 534 2389 τήν
557 2297 700 2386 εῦζωίαν
722 2303 858 2372 ἑλέσθαι
878 2301 923 2391 μὴ
954 2306 1217 2389 βεβουλημένσις.
1260 2300 1315 2372 διά
1336 2308 1442 2374 τοῦτο
1466 2299 1617 2384 αύτοις2

219 2411 253 2465 20
271 2398 477 2487 τραχύτερον
507 2404 647 2470 ἐνθένδε
668 2399 946 2490 προσενήνεκται,
977 2405 1007 2470 εί
1026 2430 1102 2482 πως
1124 2397 1335 2488 ἀναχαιτίσαι
1356 2407 1418 2490 τῆς
1440 2405 1496 2472 ἐπὶ
1518 2401 1579 2473 τόν

271 2496 428 2570 θάνατον
450 2495 563 2588 όρμής.
607 2505 694 2587 λέγει
715 2505 799 2588 γοῦν
820 2498 874 2570 διά
897 2506 1002 2586 Δαβὶδ
1021 2497 1240 2590 σαφεστάτην
1266 2505 1379 2572 αἰτίαν
1405 2507 1467 2590 τῆς
1490 2497 1578 2572 άπει-

271 2605 344 2688 λῆς·
392 2596 471 2669 »οῦκ
502 2606 701 2670 ἐπίστευσαν
730 2603 767 2670 ἐν
790 2619 861 2683 τοῑς
884 2607 1085 2689 θαυμασίοις
1107 2597 1221 2672 αὐτοῦ.
1264 2592 1349 2670 όταν
1371 2595 1578 2673 ἀπέκτεννεν

271 2695 409 2785 αύτούς,
440 2697 617 2788 ἐξεζήτουν
649 2695 754 2770 αύτόν
790 2707 845 2769 καὶ
876 2704 1085 2786 ἐπέστρεφον
1114 2706 1169 2769 καὶ
1201 2695 1375 2789 ῶρθριζον
1403 2699 1491 2789 πρὸς
1517 2701 1578 2773 τόν

270 2795 357 2870 θεὸν
382 2805 439 2868 καὶ
468 2798 693 2889 ἐμνήσθησαν,
725 2792 779 2871 ότι
811 2794 935 2880 όθεός
957 2797 1086 2887 βοηθός
1109 2795 1226 2870 αύτῶν
1255 2802 1348 2870 ἐστιν
1379 2807 1434 2870 καὶ
1457 2797 1476 2872 ό
1498 2801 1577 2881 θεὸς

219 2907 252 2962 25
271 2893 289 2968 ό
312 2891 455 2984 ῦφιστσς
477 2898 656 2988 λυτρωτής
678 2895 795 2971 αύτῶν
817 2904 936 2970 ἐστιν(
984 2891 1096 2980 οῦτως
1119 2899 1211 2969 οἰδεν
1231 2903 1502 2987 ἐπιστρέφοντας
1523 2898 1576 2971 αῦ-
1595 2909 1613 2962 3

271 2997 352 3080 τοῦς
378 2997 433 3068 διὰ
455 2996 519 3068 τόν
541 2996 658 3087 φόβον,
682 3006 743 3089 τῆς
764 3005 799 3070 δὲ
819 3005 1084 3087 φιλανθρωπίας
1100 2993 1206 3068 αῦτοῦ
1219 2997 1578 3088 καταπεφρονηκότως.

210 3171 212 3176 ,
271 3091 486 3185 ὀλιγωρεῑται
507 3098 652 3189 μὲνγὰρ
676 3096 724 3181 ῶς
746 3105 871 3170 ἐπίπαν
893 3095 933 3168 τὸ
956 3094 1089 3187 ἀγαθόν
1110 3094 1379 3186 χρηστευόμενον
1403 3095 1462 3185 άεί,
1483 3109 1580 3188 θερα-

270 3195 408 3267 πεύεται
438 3202 474 3267 δὲ
503 3195 760 3287 ῦπσμιμνήσκυν
791 3205 841 3288 τῷ
874 3196 1116 3286 φιλανθρῶπφ
1148 3203 1210 3287 τῆς
1241 3196 1454 3287 δικαιοσύνης
1477 3196 1581 3286 φόβῳ.

272 3295 391 3368 διττόν
414 3303 449 3367 δὲ
473 3293 514 3367 τό
538 3299 625 3381 εἶδος
648 3305 711 3368 τοῦ
733 3295 850 3385 φόβου,
874 3290 924 3370 ῶν
948 3295 988 3367 τὸ
1003 3303 1065 3386 μὲν
1080 3299 1199 3386 ἕτερον
1214 3306 1343 3387 γίνεται
1358 3296 1442 3387 μετά
1461 3305 1581 3381 αἰδοῦς,
1599 3311 1661 3376 εᾙ

358 3467 401 3522 11
415 3466 472 3536 vgl.
485 3465 550 3522 Joh.
564 3469 604 3534 10,
619 3470 650 3521 11
665 3497 697 3506 -
711 3469 728 3522 2
747 3465 993 3540 μεγαλόδωρος-
1008 3466 1026 3523 ὅ
1044 3461 1282 3538 ὑπεραποθανεῖν
1295 3467 1354 3523 Cae.
1367 3485 1401 3522 zu
1412 3467 1496 3524 Hebr.
1514 3471 1538 3532 2,
1550 3471 1580 3522 11

270 3551 315 3604 bei
343 3552 454 3606 Cramer
471 3551 522 3605 VII
540 3569 565 3623 p.
583 3553 641 3617 426,
661 3554 762 3607 16-14
788 3552 972 3620 (Κλήμεντος)
999 3551 1055 3604 Ino.
1082 3551 1286 3623 μεγαλόδωρος
1313 3552 1366 3607 exl.
1392 3551 1533 3624 τρόπαιον
1549 3582 1580 3592 -

271 3635 363 3691 6-11
385 3636 442 3690 Cat..
462 3637 509 3690 des
519 3637 589 3690 Μευ.
608 3637 736 3705 Chrysoc.
755 3655 788 3689 zu
800 3636 900 3690 Matth.
920 3635 975 3704 (bei
988 3634 1059 3689 Pota
1078 3653 1103 3706 p.
1117 3637 1184 3692 1020
1201 3637 1274 3690 nach
1293 3637 1384 3692 (ἔωσε
1402 3653 1450 3691 aus
1469 3637 1576 3691 Baroce.

271 3721 321 3776 156
331 3720 349 3774 f.
360 3721 410 3775 198
418 3721 451 3788 r);
470 3719 606 3776 identisoh
614 3722 666 3775 mit
675 3721 723 3774 der
732 3720 897 3776 Νἱυείιιετιιί.
907 3737 940 3773 zu
951 3719 1018 3774 Luk.
1029 3721 1080 3788 (16,
1092 3723 1133 3788 17)
1143 3720 1172 3774 in
1182 3721 1272 3775 Vatia.
1286 3722 1350 3775 1611
1362 3721 1380 3776 f.
1391 3723 1460 3776 219r
1469 3723 1513 3791 (=
1521 3722 1544 3776 N
1550 3727 1579 3788 ’γε

271 3805 376 3859 Monac.
395 3807 428 3860 33
446 3806 465 3858 f.
483 3807 554 3860 250v
572 3807 616 3874 (=
633 3805 694 3874 N²);
721 3805 867 3858 lateinisch
892 3803 937 3858 bei
956 3803 1108 3871 corderius,
1136 3804 1195 3858 Cap.
1213 3804 1243 3858 in
1261 3806 1287 3859 S.
1305 3805 1368 3859 Luc.
1387 3823 1412 3876 p.
1431 3807 1491 3862 400.
1524 3806 1576 3860 Ine.

270 3891 428 3958 κλὴμεντος
445 3891 641 3960 παιδαγωγοῦ·
669 3888 742 3960 τάχα
761 3887 790 3944 δὲ
807 3887 852 3944 διὰ
870 3895 921 3945 τοῦ
939 3886 1010 3943 ἰῶτα
1027 3890 1077 3945 καί
1088 3899 1138 3958 τῆς
1150 3887 1293 3962 κεραίαςή
1307 3889 1469 3960 δικαιοσύνη
1480 3888 1576 3962 κέκρα-

272 3991 321 4042 γεν
339 3970 428 4029 αὐτοῦ
443 3977 503 4029 κτλ.
523 3975 594 4044 expl.
607 3971 734 4046 ἀρρεπής
751 4004 783 4014 -—
801 3975 873 4030 6-8
893 3974 948 4043 vgl.
967 3975 1030 4029 Lov.
1049 3975 1089 4041 26,
1102 3977 1143 4029 21.
1163 3973 1221 4029 231.
1239 3973 1339 4028 271-
1360 3975 1473 4032 11-16
1500 3975 1576 4030 Prov.

272 4063 295 4126 1,
314 4059 366 4112 24s
386 4087 418 4097 -
440 4059 842 4124 14-17Psa1.77‚8.10—
866 4058 978 4114 22-25
1006 4058 1077 4114 Ρεαί.
1096 4061 1137 4127 17,
1155 4059 1196 4112 32.
1215 4059 1269 4112 341
1292 4087 1325 4098 -
1352 4058 1454 4115 26-8.
1476 4059 1576 4124 141,4

272 4143 326 4212 vgl.
346 4143 427 4197 Plato
445 4143 509 4213 [τες.
528 4145 538 4196 l
558 4162 583 4214 p.
597 4143 684 4200 646Ε
703 4141 761 4212 (δύο
782 4143 880 4215 φόβων
898 4135 967 4211 εἰδη)

355 4280 374 4334 4
393 4274 558 4350 ἀνθρώπων
566 4280 597 4334 st
609 4273 766 4351 ἄνθρωπος
775 4279 825 4332 FM
836 4279 894 4332 Cat.
908 4274 1074 4348 ἀνθρώποις
1085 4278 1133 4332 Μα
1147 4279 1152 4346 Ι
1166 4279 1264 4347 κύριος
1273 4279 1320 4333 Wi
1331 4277 1431 4351 κύριον
1440 4277 1490 4332 FM
1500 4278 1554 4332 eat.
1570 4279 1572 4342 ί

270 4363 288 4416 5
307 4361 389 4430 ἡμῶν
405 4364 464 4432 καί]
481 4365 531 4419 καὶ
548 4365 629 4432 ήμῶν
647 4365 704 4419 Cat.
722 4366 725 4432 ί
741 4360 985 4436 ὑπεραποθανεϊν]
1004 4370 1036 4426 -Ι-
1054 4365 1102 4418 καί
1120 4359 1154 4418 τδ
1172 4355 1245 4419 κατὰ
1262 4367 1316 4420 τοῦ
1333 4361 1463 4420 θάνατον
1481 4357 1573 4418 ἐπιδεί-

270 4449 376 4510 ξασθαι
393 4447 533 4519 τρόπαιον
545 4448 603 4501 Cat.
620 4451 623 4516 Ι
639 4449 658 4506 6
676 4446 758 4517 ήκετε
771 4449 799 4502 Μ
814 4450 819 4514 Ι
834 4447 854 4503 θ
871 4447 928 4517 καί]
942 4454 974 4510 -Ι-
992 4448 1009 4516 η
1022 4447 1060 4501 N²
1074 4450 1078 4508 Ι
1096 4448 1133 4504 15
1152 4440 1237 4517 αὐτῆς
1249 4449 1277 4502 Μ
1295 4443 1445 4516 ἑαυτῆςθΙ
1462 4449 1501 4504 26
1513 4464 1573 4516 τρα·

269 4528 391 4601 χίτερον
408 4530 437 4583 Μ
455 4529 611 4604 ταχύτερον
628 4533 649 4585 F
664 4534 669 4600 Ι
685 4527 897 4603 ἀναχαιτίσαιεν
915 4532 936 4586 F
951 4534 956 4598 Ι
973 4533 1011 4587 22
1030 4525 1203 4588 ἀπέκτεννεν
1220 4532 1284 4588 FM¹
1303 4525 1458 4590 ἀπέκτενεν
1473 4531 1517 4585 M*
