3510 5474
486 419 668 514 Paedag⁸ogus
685 446 718 500 Il.
737 445 803 516 Gap.
822 446 868 498 111.
887 449 929 512 35,
947 445 1038 512 3-38,
1057 452 1081 501 1.
1379 458 1438 518 179

121 615 208 698 μηδὲ
231 611 351 688 σκεῦος
373 602 521 694 ἀχρεῖον,
545 599 564 676 ό
585 605 630 695 μὴ
652 635 736 694 μετα
760 637 820 697 της
843 617 1025 697 αναγκαίας
1050 607 1200 700 χρήσεως
1221 619 1275 682 καλ
1298 610 1437 701 μέτριόν

122 714 232 791 ε’στιν,
257 704 306 787 ούς
327 708 374 788 εἰς
395 705 509 777 πολλά
532 703 573 776 τό
602 703 685 778 αύτό
709 701 855 779 εύθετον
885 713 949 797 εἴη,
979 720 1183 799 καθαιροῑτο
1215 717 1250 782 δὲ
1283 707 1302 800 ἡ
1332 721 1436 784 πολυ-

122 805 331 896 κτημοσύνη.
373 801 560 892 παγκάλως
590 813 674 895 γοῦν
706 804 726 897 ἦ
757 817 835 879 θεία
863 837 932 879 που
954 813 1065 896 λέγειΙ
1089 807 1217 898 γραφή,
1246 810 1334 898 πρὸς
1356 811 1436 895 τούς
1456 829 1552 884 7084

123 905 314 994 φιλαύτους
337 913 394 976 καὶ
417 901 585 990 ἀλαζόνας
607 901 868 996 ἀποτεινομένη·
907 913 994 979 »ποῦ
1019 915 1102 979 εἰσιν
1124 913 1156 981 οί
1179 908 1341 998 ἄρχοντες
1363 917 1437 981 τῶν

86 1031 103 1080 5
121 1012 243 1078 ἐθνῶν
270 1013 326 1077 καὶ
354 1008 386 1075 οί
408 1003 622 1091 κυριεύοντες
650 1012 723 1076 τῶν
745 1015 880 1095 θηρίων
901 1015 977 1078 τῶν
998 1013 1052 1078 ἐπὶ
1076 1014 1136 1096 τῆς
1158 1014 1228 1097 γῆς,
1250 1011 1282 1079 ολ
1304 1014 1341 1080 ἐν
1364 1029 1437 1093 τοῖς

123 1103 259 1196 ὀρνέοις
281 1112 344 1176 τοῦ
370 1100 517 1192 ούρανοῦ
538 1107 772 1193 ἐμπαίζοντες,
800 1110 832 1178 οί
854 1105 895 1178 τό
916 1104 1076 1196 ἀργύριον
1098 1117 1359 1198 θησαυρίζοντες
1381 1119 1438 1180 καὶ

123 1206 165 1277 τό
188 1213 338 1294 χρυσίον,
365 1195 394 1294 ᾧ
417 1209 662 1277 έπεποίδεισαν
684 1203 875 1294 ἄνθρωποι,
898 1213 953 1276 καὶ
976 1203 1037 1278 ούκ
1061 1211 1130 1278 ἔστι
1157 1214 1254 1290 τέλος
1277 1214 1337 1298 τῆς
1358 1207 1436 1298 κτή-

123 1331 211 1389 σεως
239 1300 375 1389 αὐτῶν,
408 1305 440 1376 ολ
471 1302 512 1375 τὸ
540 1300 700 1393 ἀργύριόν
723 1332 760 1374 τε
791 1312 846 1375 καὶ
877 1305 918 1376 τὸ
947 1314 1084 1394 χρυσίον
1115 1315 1351 1390 τεκταίνοντες
1380 1316 1436 1380 καὶ

122 1411 372 1496 μεριμνῶντες;
403 1400 465 1474 ούκ
492 1406 584 1474 ἔστιν
611 1402 771 1492 έξεύρεσις
797 1411 870 1475 τῶν
897 1406 1006 1493 έργων
1037 1402 1165 1478 αὐτῶν·
1195 1404 1436 1497 ἠφανίσθησαν

68 1525 104 1579 10
123 1513 182 1577 καὶ
207 1510 253 1586 εἰς
268 1497 383 1574 Ἅιδου
404 1508 618 1592 κατέβησαν(
658 1495 760 1586 ούτος
782 1510 842 1592 τῆς
864 1499 1103 1592 ἀπειροκαλίας
1125 1501 1287 1596 όμισδός.
1323 1515 1352 1580 εἰ
1373 1507 1436 1599 γάρ
1453 1529 1517 1596 37,1

127 1636 184 1677 τοι
208 1603 415 1693 γεωργοῦσιν
437 1597 516 1691 ἡμῖν
539 1609 692 1692 δικέλλης
714 1607 806 1674 ἐστὶν
832 1613 925 1692 χρεία
947 1611 1002 1676 καὶ
1029 1602 1189 1694 ἀρότρου,
1211 1603 1382 1695 μάκελλαν
1403 1603 1434 1678 δ’

122 1703 187 1777 ούκ
203 1703 246 1775 ἀν
263 1731 314 1785 τις
329 1698 479 1791 ἀργυρᾶν
496 1699 573 1774 ούδὲ
589 1702 677 1792 ἀμην
691 1710 817 1792 χρυσῆν
831 1704 995 1792 χαλκεύοι,
1013 1712 1062 1794 τῷ
1079 1711 1115 1777 δὲ
1130 1702 1254 1795 εάεργῷ
1270 1712 1331 1794 τῆς
1345 1701 1435 1798 ύλης,

123 1803 166 1877 ού
185 1809 271 1894 (τῷ)
293 1809 463 1891 πλουσίῳ,
491 1808 537 1884 είς
558 1812 743 1891 γεηπονίαν
764 1805 995 1893 συγχρώμεθα,
1018 1813 1051 1876 τί
1072 1804 1196 1876 κωλύει
1217 1812 1272 1876 καὶ
1293 1815 1370 1893 περὶ
1393 1807 1435 1878 τὰ

122 1903 225 1992 σκεύη
249 1902 292 1972 τά
317 1907 479 1973 ένοικίδια
501 1901 566 1990 τὴν
593 1897 702 1990 αύτὴν
728 1905 814 1991 ἔχειν
841 1903 995 1976 διάνοιαν
1016 1905 1097 1986 τούς
1119 1911 1182 1976 τού
1208 1900 1328 1994 ὁμοίου
1349 1918 1435 1978 θεω-

69 2025 102 2077 15
121 2000 299 2094 ρητικούς;
334 1993 384 2071 τόν
413 2006 539 2089 μέτρον
566 1999 586 2090 ἡ
608 2009 716 2089 χρεία,
746 2003 792 2092 μὴ
818 2001 838 2093 ἦ
870 2010 1072 2076 πολυτέλεια
1102 2011 1258 2093 γινέσθω.
1300 2015 1334 2077 τί
1356 2004 1466 2095 γάρ;2

121 2109 198 2176 είπέ
218 2124 291 2192 μοι·
321 2098 361 2170 τό
392 2109 571 2190 μαχαίριον
598 2099 639 2171 τό
662 2104 914 2191 έπιτραπέζιον,
940 2099 983 2193 ἢν
1009 2103 1054 2193 μὴ
1077 2101 1290 2194 ἀργυρόηλον
1312 2100 1332 2194 ᾖ
1355 2102 1376 2195 ἢ
1398 2111 1434 2194 ἐξ

122 2210 310 2290 ἐλέφαντος
332 2206 567 2290 πεποιημένον
589 2200 656 2290 τὴν
678 2200 794 2292 λαβήν,
818 2201 859 2274 ού
880 2211 1010 2291 τέμνει,·
1031 2199 1053 2292 ἢ
1075 2209 1129 2276 ἐπὶ
1152 2202 1217 2294 τὴν
1235 2225 1357 2295 μοῖραν
1372 2213 1434 2278 τοῦ

121 2310 232 2390 κρέως
253 2297 392 2372 Ἰνδικόν
414 2308 554 2390 σίδηρον
575 2307 791 2388 χαλκευτέον,
813 2300 970 2392 καθάπερ
997 2301 1205 2392 συμμαχικόν
1229 2334 1263 2374 τι
1284 2333 1434 2392 παρακα-

122 2408 285 2483 λούντας;
308 2407 341 2470 τί
364 2405 415 2484 δέ;
436 2403 464 2470 εἰ
478 2408 664 2490 κεραμεοῦν
678 2405 728 2491 εἲη
743 2399 785 2471 τὸ
800 2411 979 2490 χερνίβιον,
1003 2400 1044 2474 ού
1058 2407 1188 2491 δέξεται
1203 2402 1245 2475 τό
1261 2402 1433 2495 ἀπόνιμμα

66 2519 102 2572 (σι
122 2508 184 2590 τῆς
206 2497 333 2589 χειρός;
364 2497 442 2574 ούδὲ
468 2497 487 2573 δ
514 2500 729 2590 ποδονιπτὴρ
757 2499 798 2572 τὸ
821 2498 994 2593 ἀπόνιμμα
1016 2509 1079 2575 τοῦ
1104 2499 1225 2588 ποδός,·
1252 2501 1465 2591 ἀναζιοπα-3

121 2599 221 2690 θήσει
246 2607 281 2672 δὲ
299 2605 304 2688 Ι
325 2598 390 2688 ἀρα
411 2608 466 2672 καὶ
490 2597 509 2690 ἡ
532 2597 681 2688 τράπεζα
697 2598 717 2688 ἡ
733 2603 768 2685 ἐξ
789 2605 977 2688 ἐλέφαντος
992 2602 1072 2685 τούς
1087 2600 1195 2688 πόδας
1209 2608 1431 2695 ἐσκευασμένη
1450 2618 1533 2676 19οΡ

120 2698 295 2787 όβολιαιον
322 2698 429 2787 ἀρτον
455 2697 660 2783 βαστάσασα,
689 2696 767 2771 ούδὲ
788 2700 855 2790 μὴν
882 2696 901 2772 ό
924 2699 1045 2790 λύχνος
1072 2701 1263 2792 διακονήσει
1285 2703 1325 2776 τὸ
1348 2713 1433 2792 φῶς,

122 2797 177 2874 ότι
200 2807 381 2890 κεραμέως,
406 2796 446 2872 ού
466 2798 654 2889 χρυσοχόου
677 2803 776 2888 ἔργον
799 2805 900 2872 ἐστίν.
928 2803 995 2890 έγοό
1018 2807 1056 2872 δέ
1077 2831 1160 2892 φημι
1182 2811 1237 2874 καὶ
1260 2810 1322 2875 τοῦ
1344 2814 1433 2894 σκίμ-

120 2909 231 2984 ποδος
254 2897 353 2972 οὐδὲν
374 2906 482 2970 κακίω
504 2908 737 2989 παρεχομένου
757 2899 959 2973 κατάκλισιν
982 2907 1042 2992 τῆς
1064 2907 1286 2991 ὲλεφαντίνης
1307 2911 1432 2993 κλίνης,

68 3014 101 3068 25
121 3007 184 3090 τῆς
211 3007 246 3071 δέ
277 2998 412 3088 σισύρας
443 2997 658 3089 ίκανωτύτης
689 2993 790 3089 ούσης
820 2997 1075 3089 ὑπεστρῶσθαι,
1109 3000 1197 3073 ὥστε
1226 3001 1271 3090 μὴ
1303 3008 1432 3074 δεῖσθαι

119 3107 346 3190 πορφυρίδων
369 3095 391 3187 ἢ
414 3105 627 3185 φοινικίδων,
650 3107 888 3189 κατεγνῶσθαι
903 3093 996 3188 ὅμως
1016 3107 1077 3191 τῆς
1092 3099 1258 3184 εύτελείας
1280 3095 1322 3171 δι’
1338 3098 1431 3187 ἀβελ-

120 3208 239 3287 τερίαν
262 3195 451 3288 ἀρχεκάκου
473 3205 612 3288 τρυφῆς.

209 3307 263 3382 Τίς
286 3296 306 3388 ἦ
331 3296 479 3387 τοσαύτη
502 3297 625 3388 πλάνη,
649 3306 701 3382 τίς
723 3296 949 3390 ἡδοξοκαλία,
973 3295 1083 3386 ὁρᾶτε.
1120 3294 1269 3388 δκύριος
1284 3308 1431 3388 τρυβλίῳ
1449 3313 1515 3380 38,1

121 3405 289 3488 έπωιμάτο
313 3395 442 3470 εύτελεῑ
463 3404 517 3470 καλ
539 3405 740 3470 κατέκλινεν
767 3401 848 3484 τοὺς
873 3399 1030 3489 μαθητὰς
1061 3405 1116 3472 ἐπὶ
1143 3405 1203 3489 τῆς
1224 3397 1312 3482 πόας
1331 3407 1432 3488 χαμαὶ

69 3511 103 3565 30
120 3507 177 3571 καὶ
207 3499 286 3582 τοὺς
312 3495 421 3580 πόδας
452 3501 587 3569 ένιπτεν
618 3496 735 3570 αύτοόν
765 3498 904 3590 σαβάνῳ
933 3497 1219 3589 περιζωσάμενος,
1251 3494 1269 3570 ό
1302 3497 1432 3586 ἄτυφος

120 3597 203 3682 θεὸς
227 3607 283 3670 καί
304 3595 421 3688 κύριος
443 3605 515 3668 τῶν
538 3591 643 3684 ὅλων,
666 3596 727 3670 ούκ
744 3597 913 3691 ἀργυροῦν
927 3599 968 3691 δὴ
983 3605 1221 3688 ποδονιπτῆρα
1235 3606 1433 3688 περιφέρων

206 3804 301 3860 4-10
320 3803 428 3858 Baruch
445 3805 470 3870 3,
488 3806 589 3860 16-19
606 3836 639 3843 -
659 3804 773 3862 28-26
790 3804 932 3862 Musonius
950 3805 997 3860 bei
1013 3806 1089 3862 stob.
1107 3805 1178 3860 Flor.
1197 3805 1237 3868 85,
1256 3805 1290 3859 20
1311 3801 1432 3873 τοῦμὲν

121 3889 277 3956 σκίμποδος
303 3883 384 3944 οὐδὲν
403 3889 494 3944 κακίω
512 3888 712 3960 παρεχομένου
738 3889 904 3947 κατάκλισιν
921 3891 989 3959 ημῖν
1004 3897 1054 3959 τῆς
1071 3887 1197 3962 ἀργυρᾶς
1214 3886 1231 3957 ἢ
1249 3899 1297 3957 τῆς
1314 3885 1430 3957 ἐλεφαν-

121 3973 197 4042 τίνης
224 3972 325 4040 κλίνης,
352 3977 401 4040 τῆς
427 3969 456 4027 δέ
483 3971 600 4045 σισύρας
627 3972 803 4043 λκανωτάτης
830 3969 918 4043 οὔσης
935 3969 1144 4044 ὑπεστρῶσθαι,
1171 3965 1245 4027 ὥστε
1262 3974 1301 4041 μὴ
1320 3973 1430 4026 δεῖσθαι

121 4057 296 4129 πορφυρίδος
312 4054 329 4125 ἢ
342 4057 498 4129 φοινικίδας
510 4089 542 4097 -
556 4060 671 4116 28-80
689 4059 745 4130 vgl.
758 4061 859 4115 Matth.
872 4061 914 4124 26,
927 4060 960 4113 23
979 4058 1077 4128 (Mark.
1091 4063 1131 4128 14,
1149 4059 1204 4124 20);
1224 4056 1325 4110 Masth·
1345 4059 1384 4120 14,
1398 4057 1430 4110 19

122 4142 221 4210 (Mark.
239 4144 264 4204 6,
282 4143 328 4204 39;
346 4142 408 4197 Joh.
426 4145 450 4206 6,
469 4144 523 4212 1οΙ;
540 4142 603 4200 Joh.
623 4148 662 4208 13,
680 4145 717 4198 4f

206 4311 222 4366 1
241 4307 311 4378 μηδὲ
328 4309 363 4364 Di
380 4313 451 4380 μήτε
468 4313 511 4380 ΡΙ
529 4315 565 4368 ll
584 4311 730 4383 μάκελλαν
748 4314 783 4369 Di
799 4313 941 4384 μακέλλην
959 4312 981 4366 Ρ
997 4314 1001 4380 Ι
1019 4311 1056 4367 18
1080 4309 1146 4380 (τῷ)
1165 4306 1211 4360 Wi
1227 4308 1230 4374 Ι
1246 4307 1370 4379 πλουσίῳ
1389 4307 1428 4361 Ρο

120 4395 260 4460 πλθυσῖως
278 4394 300 4447 Ρ
318 4397 454 4461 πλουσίας
472 4398 551 4453 Sohw
566 4400 570 4467 Ι
588 4399 626 4456 19
644 4398 674 4454 δέ
692 4399 713 4452 F
731 4401 786 4467 (am
803 4399 900 4454 Raude
917 4397 957 4466 αί)
985 4395 1069 4450 δαίΡ
1094 4394 1098 4461 Ι
1123 4390 1180 4448 201
1204 4387 1429 4458 ἀναξιοπαθιΙοει

120 4479 154 4531 P¹
172 4476 404 4548 ἀλ’(ῑξιοιιαθῆσαι
421 4481 460 4534 Ρ*
475 4485 479 4548 Ι
496 4484 558 4540 281
572 4492 623 4541 τοῦ
642 4484 797 4552 σκίμποδος
814 4512 847 4522 -
865 4477 1066 4553 παρεχομένου
1077 4475 1235 4531 Wendland
1247 4475 1357 4540 Quaest.
1368 4475 1427 4528 Mu·

120 4582 176 4620 ⁸⁰¹¹·
194 4583 220 4635 Ρ·
238 4566 272 4620 30
296 4563 364 4631 ῗθῦς
387 4563 545 4636 σκίμποδας
563 4599 595 4608 -
614 4567 832 4642 παρεχομένους
849 4567 870 4620 Ρ
894 4569 899 4634 Ι
923 4565 982 4622 ΡΜ
998 4561 1165 4636 ἀβελτηρίαν
1182 4560 1203 4614 Ρ
1218 4563 1223 4628 Ι
1239 4559 1278 4616 28
1296 4559 1428 4632 τρύβλιον

119 4649 155 4702 F*
171 4651 175 4717 Ι
192 4650 231 4705 Ρίλ
255 4645 393 4732 έπαιψᾱτο
412 4653 448 4723 Sy
466 4651 607 4724 έπύιφατο
627 4656 648 4708 Ρ
664 4659 669 4724 Ι
685 4656 723 4712 31
748 4656 779 4723 δὴ
798 4654 831 4708 ΡῙ
851 4653 877 4708 σί
893 4653 931 4706 Ρ*

1172 4731 1224 4784 12*
