3520 5498
295 435 353 499 108
882 430 1014 486 Clemens.

294 589 395 680 δεσμὰ
417 599 535 676 ταῦτα,
560 585 579 680 ή
604 588 719 680 τάχος,
742 589 873 663 άνίεται
894 601 1006 665 πίστει
1027 599 1088 682 μὲν
1111 590 1329 682 ἀνθρωπίνη,
1357 599 1455 680 θετκή
1478 596 1512 661 δὲ
1536 599 1600 679 [τῇ]

291 687 413 778 χάριτι,
444 689 637 781 άφιεμένων
664 699 739 764 τῶν
759 690 1058 784 πλημμελημάτων
1084 695 1133 763 ἐνὶ
1154 700 1311 781 παιωνίρι
1335 687 1515 780 φαρμάκῳ,
1548 701 1601 760 λο-

294 799 379 882 γικῷ
401 801 617 881 βαπτίσματι.
658 788 774 864 πάντα
795 799 857 882 μὲν
880 785 942 864 σῦν
964 789 1208 882 άπολουόμεθα
1230 791 1273 863 τά
1289 787 1521 880 ἁμαρτήματα,
1546 786 1601 862 ού·
1618 793 1677 858 3111

293 898 365 963 κε’τι
395 898 433 963 δέ
453 895 551 982 ἐσμεν
581 890 673 980 παρὰ
705 887 813 974 πόδας
843 899 949 963 κακοί.
993 900 1051 980 μία
1072 889 1167 980 χάρις
1189 884 1274 980 αῦτη
1298 897 1360 962 τοῦ
1382 895 1604 979 φωτίσματος

259 989 334 1064 οτό
367 991 412 1081 μή
444 989 509 1062 τὸν
539 987 648 1063 αύτὸν
677 991 764 1062 εἶναι
791 999 842 1081 τῷ
865 997 946 1078 πρίν
967 987 989 1081 ή
1011 991 1198 1064 λούσασθαι
1220 988 1284 1061 τόν
1307 987 1446 1078 τρόπον.
1491 983 1546 1061 ὅτι
1568 995 1602 1060 δέ
1709 1024 1712 1031 ’

293 1089 460 1181 ήγνιῦσις
493 1095 734 1162 συνανατίλλει
766 1099 817 1181 τῷ
841 1099 1034 1178 φωτίσματι
1064 1088 1384 1178 περιαστράπτουσα
1415 1089 1478 1160 τὸν
1509 1095 1602 1170 νοῦν,

293 1198 349 1260 καὶ
380 1187 511 1272 εύθέως
547 1185 714 1278 ἀκούομεν
752 1197 902 1280 μαθηταὶ
939 1195 970 1262 οί
1010 1188 1164 1280 άμαθεις,
1203 1185 1375 1278 πρότερόν
1412 1219 1500 1261 ποτε
1541 1195 1603 1277 τής
1732 1263 1733 1266 γ

292 1288 475 1380 μαθήσεως
497 1294 627 1378 ἐκείνης
643 1297 928 1380 προσγενομένης·
958 1286 999 1363 οῦ
1014 1281 1078 1380 γάρ
1098 1287 1140 1360 ἂν
1161 1293 1248 1379 ἔχοις
1263 1295 1370 1361 εἰπεῖν
1391 1287 1454 1360 τόν
1467 1286 1602 1377 χρόνον.
1619 1309 1634 1361 2
1732 1267 1733 1346 ἐ

294 1387 314 1479 ἦ
336 1395 396 1477 μὲν
423 1387 486 1478 γάρ
508 1386 689 1478 κατήγησις
717 1393 763 1472 είς
789 1398 904 1462 πίστιν
927 1388 1089 1478 περιάγει,
1117 1397 1230 1472 πίστις
1251 1395 1287 1460 δίε
1309 1383 1376 1478 ῦμα
1397 1395 1603 1476 βαπτίσματι

242 1506 275 1560 10
293 1485 377 1579 άγίῳ
408 1487 602 1562 παιδεύεται
633 1487 812 1579 πνεύματι·
844 1493 930 1574 ἐπεί,
962 1485 1016 1560 ὅτι
1043 1519 1078 1578 γε
1104 1498 1162 1579 μία
1188 1487 1356 1578 καθολική
1384 1493 1446 1578 τῆς
1468 1484 1603 1574 άνθρω-

291 1588 444 1679 πότητος
466 1597 616 1679 σωτηρία
638 1584 658 1678 ή
679 1595 806 1672 πίστις,
834 1587 950 1679 ἰσότης
977 1595 1013 1660 δὲ
1039 1596 1095 1662 καὶ
1122 1597 1288 1660 κοινωνία
1309 1593 1374 1659 τοῦ
1395 1594 1527 1659 δικαίου
1548 1595 1603 1658 καὶ

293 1686 546 1779 φιλανθρώπου
575 1695 661 1760 θεοῦ
687 1684 707 1778 ή
732 1685 816 1778 αύτή
846 1687 932 1778 πρὸς
962 1687 1107 1772 πάντας,
1140 1684 1374 1769 ὁάπόστολος
1406 1692 1601 1775 σαφέστατα

293 1785 478 1878 ἐξηγήσατο
501 1779 570 1860 ὦδέ
589 1819 666 1872 πως
688 1788 806 1861 εἰπάν·
832 1788 916 1876 »πρὸ
939 1795 1002 1860 τοῦ
1017 1795 1052 1859 δὲ
1067 1793 1183 1860 ἐλθεῖν
1198 1787 1262 1878 τήν
1279 1796 1397 1859 πίστιν
1411 1785 1479 1858 ύπό
1494 1783 1602 1874 νόμον
1617 1807 1633 1858 3
1732 1829 1733 1864 1

292 1886 553 1976 ἐφρουρούμεθα
575 1886 829 1978 συγκλειόμεναι
852 1894 898 1970 είς
919 1888 983 1978 τήν
1004 1895 1194 1978 μέλλουσαν
1215 1897 1330 1960 πίστιν
1353 1883 1599 1975 άποκαλυφθῐγ-
1732 1883 1733 1896 ’

242 2008 274 2060 15
293 2010 361 2057 ναι·
396 1984 484 2058 ὥστε
511 1983 529 2058 δ
554 1985 656 2077 νόμος
682 1987 900 2076 παιδαγωγὸς
931 1985 1028 2077 ήμῶν
1054 1993 1192 2076 γέγονεν
1218 1993 1265 2070 εἰς
1288 1983 1453 2074 Χριστόν,
1483 1989 1538 2057 ίνα
1565 1989 1600 2055 ἐκ

292 2094 441 2168 πίστεως
462 2091 716 2175 δικαιωθῶμεν·
743 2085 911 2176 ἐλθούσης
936 2093 972 2158 δὲ
996 2093 1056 2178 τῆς
1077 2095 1225 2170 πίστεως
1252 2084 1364 2160 οῦκέτι
1391 2082 1459 2156 ύπὸ
1482 2093 1599 2156 παιδα-

291 2183 406 2274 γωγόν
429 2189 552 2274 ἐσμεν.«
598 2184 660 2257 ούκ
676 2183 816 2257 άκούετε
833 2180 887 2258 ότι
902 2183 963 2259 ὑπ’
986 2190 1118 2259 ἐκεῖνον
1139 2186 1203 2258 τὸν
1230 2185 1336 2277 νόμον
1358 2183 1473 2258 ούκέτι
1494 2192 1597 2274 ἐσμέν,
1615 2207 1669 2273 31,1

292 2279 330 2367 ῦς
351 2277 394 2374 ήν
416 2282 508 2372 μετὰ
523 2282 646 2371 φόβου,
676 2282 744 2358 ύπό
767 2291 802 2356 δέ
825 2285 888 2358 τὸν
919 2283 1023 2374 λόγον
1054 2293 1115 2376 τῆς
1140 2295 1369 2376 προαιρέσεως
1395 2284 1458 2358 τόν
1485 2290 1599 2357 παιδα-

290 2381 421 2472 γωγόν,Ι
456 2385 529 2455 εἶτα
563 2389 681 2474 μέντοι
716 2383 883 2474 ἐπήγαγεν
922 2385 987 2474 τήν
1017 2382 1150 2476 άπάσης
1180 2386 1278 2468 ἐκτός
1308 2393 1600 2476 προσωποληφίας

240 2501 274 2554 20
292 2482 429 2573 φωνήν·
462 2481 608 2566 επάντες
630 2484 692 2572 γάρ
713 2488 780 2554 υίοί
810 2487 882 2555 ἐστε
911 2484 965 2556 διὰ
989 2494 1138 2568 πίστεως
1159 2493 1245 2558 θεοῦ
1266 2491 1304 2559 ἐν
1326 2492 1463 2576 Χριστῷ
1485 2482 1600 2576 Ἰησοῦ·

292 2577 367 2655 όσοι
398 2582 462 2671 γάρ
493 2589 540 2666 εἰς
563 2581 714 2672 Χριστόν
743 2588 986 2674 ἐβαπτίσθητε,
1018 2585 1170 2674 Χριστόν
1201 2585 1412 2658 ἐνεδύσασθε.
1459 2582 1523 2657 ούκ
1553 2589 1600 2655 ἔνι

291 2680 447 2765 Ἰουδαῖος
471 2676 550 2754 ούτε
565 2677 700 2772 Ἕλλην,
724 2679 786 2753 οῦκ
808 2687 858 2754 ἐνι
882 2689 1004 2767 δοῦλος
1027 2679 1105 2757 ούτε
1127 2685 1321 2774 ἐλεύθερος,
1345 2682 1407 2757 οῦκ
1428 2687 1478 2756 ἐνι
1500 2684 1599 2774 ἄρσεν

291 2791 347 2854 καὶ
369 2789 471 2873 θῆλυ·
495 2781 623 2866 πάντες
644 2782 707 2872 γάρ
729 2779 819 2871 ῦμεῖς
842 2782 889 2866 είς
911 2788 985 2863 ἐστε
1007 2789 1044 2856 ἐν
1067 2792 1205 2877 Χριστῷ
1227 2783 1358 2876 ’ίησοῦπ
1397 2781 1459 2856 ούκ
1481 2784 1547 2872 ἄρα
1568 2787 1629 2859 οἳν

291 2887 352 2973 μὲν
382 2891 578 2972 γνωστικοί,
610 2885 645 2954 οἳ
674 2888 709 2953 δὲ
731 2890 867 2970 ψυχικοί
897 2888 934 2956 ἐν
965 2881 1060 2976 αύτῷ
1093 2893 1143 2976 τῷ
1174 2883 1282 2976 λόγῳ,
1314 2881 1390 2958 ἀλλ’
1419 2888 1452 2955 οί
1472 2882 1599 2965 πάντες

241 3000 274 3053 25
291 2979 500 3070 ἀποθέμενοι
531 2981 592 3064 τὰς
623 2981 781 3072 σαρκικὰς
811 2987 991 3073 ἐπιθυμίας
1018 2990 1083 3056 ίσοι
1112 2991 1167 3056 καὶ
1190 2991 1411 3074 πνευματικοὶ
1433 2984 1525 3073 παρὰ
1548 2991 1597 3073 τῷ

290 3091 405 3172 κυρίῳ.
431 3089 487 3154 καί
506 3087 511 3170 Ι
531 3077 700 3171 άλλαχόθι
713 3079 820 3154 πάλιν
832 3081 966 3172 γράφει·
992 3084 1142 3174 »καὶγὰρ
1165 3089 1234 3174 <ἐν>
1250 3085 1300 3156 ἐνί
1320 3082 1485 3172 πνεύματι
1508 3081 1598 3174 ἡμεῖς
1616 3105 1684 3163 117P
1732 3101 1733 3170 1

291 3179 420 3265 πάντες
442 3189 489 3265 εἰς
511 3184 549 3251 ἐν
570 3189 667 3271 στῦμα
689 3185 955 3273 ἐβαπτίσθημεν,
983 3189 1050 3255 είτε
1070 3180 1224 3256 ’ίουδαῑοι
1252 3191 1319 3256 εἴτε
1334 3179 1505 3272 Ἕλληνες,
1532 3187 1598 3255 εἴτε
1732 3209 1733 3296 η

292 3286 408 3353 δοῦλοι
431 3286 499 3353 είτε
521 3279 707 3369 ἐλεύθεροι·
729 3291 785 3353 καὶ
807 3281 934 3366 πάντες
956 3287 993 3355 ἓν
1014 3280 1107 3373 πόμα
1129 3289 1384 3374 ἐποτίσθημεν(
1732 3305 1733 3372 1

378 3377 445 3452 Ούκ
467 3377 601 3452 άτοπον
623 3387 658 3451 δέ
684 3387 739 3452 καὶ
765 3401 839 3465 τοῖς
870 3379 987 3454 αύτοῦν
1013 3387 1153 3454 ἐκείνων
1175 3381 1423 3473 συγχρήσασθαι
1446 3379 1599 3472 ῥήμασιν,
1614 3401 1669 3460 321

240 3497 274 3552 30
293 3487 327 3554 οἳ
347 3480 521 3570 διυλισμὸν
551 3487 612 3569 μὲν
640 3487 703 3554 τοῦ
725 3479 917 3572 πνεύματος
945 3481 1009 3570 τήν
1029 3479 1164 3572 μνήμην
1186 3492 1260 3555 τῶν
1280 3481 1493 3571 κρειττόνων
1514 3484 1600 3553 εἶναί

293 3604 404 3668 φασιν.
448 3579 622 3666 διυλισμόν
648 3587 684 3652 δέ
706 3589 846 3652 νοοῦσιν
867 3580 931 3652 τόν
953 3577 1022 3652 άπὸ
1045 3588 1106 3671 τῆς
1128 3577 1350 3672 ὑπομνήσεως
1372 3588 1446 3652 τοῦν
1468 3578 1598 3672 άμεινό-

294 3708 366 3752 νων
389 3686 463 3751 τῶν
482 3676 653 3768 χειρόνων
673 3679 858 3769 χωρισμόν·
882 3683 998 3753 ἐπεται
1013 3688 1049 3753 δὲ
1064 3685 1100 3768 ἐξ
1115 3678 1264 3772 άνάγκης
1279 3688 1330 3773 τῷ
1345 3677 1599 3771 ύπομνησθέντι

377 3850 488 3905 18-17
510 3848 571 3906 Gal.
589 3851 613 3916 3,
632 3851 733 3905 23-25
752 3882 784 3889 -
804 3851 919 3907 20-28
939 3853 999 3906 Gal.
1016 3855 1040 3920 3,
1059 3855 1160 3909 ‘zo-28
1178 3883 1210 3892 -
1230 3853 1268 3908 25
1287 3850 1343 3921 vgl.
1363 3852 1375 3906 1
1391 3851 1466 3908 Febr.
1482 3852 1507 3918 2,
1527 3855 1550 3906 1.
1569 3856 1596 3907 11

291 3965 324 3974 -
343 3935 456 3991 ‘ze-28
476 3935 486 3987 l
505 3935 568 3989 Kor.
590 3935 629 4000 12,
649 3937 681 3989 13

1732 3517 1733 3562 ί

378 4096 393 4151 1
413 4095 466 4165 [τῇ]
480 4093 514 4148 St
528 4096 532 4158 Ι
548 4093 566 4149 5
584 4091 752 4150 λούσασθαι.
783 4091 817 4150 δν
834 4095 942 4166 τρόπον
961 4089 1024 4165 [δτι]
1037 4092 1067 4150 δὲ
1079 4096 1158 4150 Schw
1173 4095 1178 4164 1
1194 4085 1249 4164 ότι]
1266 4088 1307 4150 ἐτι
1320 4093 1429 4149 Mssnzel
1447 4087 1497 4152 ὅτε
1509 4095 1599 4149 Mark·

290 4180 358 4234 land
374 4181 378 4246 Ι
396 4181 410 4234 λ
431 4181 480 4234 καί
497 4179 565 4233 ἣλιοι
583 4177 608 4232 δ.
628 4180 654 4232 Ζ.
673 4178 710 4232 M*
732 4179 799 4248 [καί]
818 4179 848 4233 St
863 4181 867 4246 Ι
883 4177 1026 4252 πρότερον
1043 4180 1083 4234 Ρο
1101 4179 1225 4248 πότερον
1242 4178 1294 4232 FM
1310 4181 1315 4248 Ι
1333 4179 1370 4237 13
1389 4175 1546 4250 ἐξηγήσατο
1559 4179 1599 4233 Μῑ
1732 4199 1733 4258 η

290 4261 444 4334 ἐξηγήσετο
458 4264 503 4318 Μ*
519 4265 522 4331 Ι
540 4263 601 4319 14ῐ
609 4259 851 4332 ἀποκαλυφθῆναι
860 4264 887 4334 (η
896 4264 926 4318 in
938 4265 1010 4333 Rus.)
1021 4266 1061 4320 Μ1
1078 4267 1081 4333 Ι
1100 4266 1134 4320 17
1151 4262 1203 4320 οὐκ
1214 4260 1333 4320 ἀκούετε
1343 4263 1364 4317 F
1376 4281 1422 4318 am
1433 4265 1514 4319 Rand
1530 4260 1599 4320 ῦπα·
1732 4283 1733 4328 1

290 4345 389 4404 κοτ’·ετε
408 4347 533 4414 FM126
551 4344 612 4418 <ἐν>
630 4350 662 4403 st
679 4367 728 4404 aus
749 4348 813 4405 Κατ.
836 4351 841 4418 Ι
866 4349 905 4404 28
927 4344 958 4405 ἐν
981 4349 1061 4416 πόμα
1079 4345 1217 4406 ἐποτίσθ
1239 4351 1304 4418 (von
1322 4349 1385 4403 dem
1402 4348 1599 4420 besohnrligten

292 4459 309 4512 f.
328 4458 361 4513 24
379 4458 451 4514 fehlt
476 4460 525 4514 das
543 4461 640 4528 Stiick,
667 4461 717 4516 auf
740 4460 803 4514 dem
821 4459 869 4514 der
886 4460 953 4514 Rost
979 4460 1026 4512 des
1044 4459 1154 4515 Worbes
1172 4459 1263 4529 stand)
1281 4455 1312 4516 ἐν
1330 4465 1389 4517 λινᾶ
1406 4433 1598 4531 ἐῦότίοθημεν

291 4544 320 4596 M
338 4545 394 4614 (φα
412 4563 445 4598 w.
464 4562 487 4601 ε.
505 4545 560 4601 ουλε.
580 4545 631 4614 Μλ)
656 4548 660 4614 Ι
685 4546 722 4601 81
751 4541 820 4614 ἀπὸ]
845 4540 901 4600 ῦπδ
920 4545 951 4598 st
974 4546 979 4612 Ι
1004 4543 1043 4600 82
1062 4547 1137 4613 <vass
1156 4549 1214 4600 τῶν
1231 4545 1370 4618 χειρόνων
1388 4543 1522 4614 Ηεὶατίοἱ,
1550 4545 1598 4601 Die

292 4629 402 4684 Valent.
420 4629 518 4684 Gnosis
536 4630 561 4684 S.
581 4632 648 4684 113³
671 4631 675 4698 1
699 4626 921 4700 ίπομνησθέντι]
938 4623 994 4684 ῦπο
1012 4628 1196 4699 weggerissen
1213 4629 1234 4683 F
