3510 5474
289 319 350 382 200
872 314 1005 369 Clemens.

288 503 359 563 χειν
382 470 502 559 αύτόν,
530 470 651 564 <όπότε
680 472 898 550 ἀλεαίνεσθαι
929 481 1040 548 ἐθέλει
1071 475 1113 547 τό
1141 483 1329 566 νευρῶδες).
1373 485 1430 550 ναὶ
1455 479 1525 568 μὴν
1550 487 1606 548 καὶ

290 573 331 645 τὸ
358 573 508 663 τερπνόν
535 580 597 664 τῆς
628 571 808 666 ἀνθήσεως
838 579 871 648 οί
900 583 1201 665 καταστεφθέντες
1233 574 1475 650 ἀπολλύουσιν.
1525 572 1636 652 ούτελ

289 673 352 764 γάρ
374 669 586 746 ἀπολαύουσι
607 681 669 764 τῆς
691 668 806 764 ὄφεως
827 681 860 748 οἱ
888 674 1113 766 ἀναδούμενοι
1135 677 1199 750 τόν
1225 683 1399 767 στέφανον
1428 676 1515 768 ὑπὲρ
1543 680 1604 763 τάς

290 768 385 860 ὄψεις
416 771 494 846 σύδὲ
524 774 591 865 μὴν
622 781 683 864 τῆς
710 772 852 860 εὐωδίας
879 777 909 848 οἱ
937 774 1189 861 ἀπελαύνοντες
1219 776 1304 869 ύπέρ
1331 779 1393 862 τὰς
1425 773 1604 863 ἀναπνοὰς

254 890 271 942 6
289 874 333 946 τά
354 873 459 966 ἀνθη·
491 872 711 965 ἀναδιδούσης
738 875 801 965 γάρ
824 876 897 948 ἀνω
919 884 976 948 καὶ
998 875 1282 969 ἀναθυμιωμένης
1303 877 1391 950 κατὰ
1415 877 1520 966 φύσιν
1541 887 1603 970 τῆς

289 970 431 1057 εύωόίας
452 971 536 1062 ύπὲρ
559 975 625 1064 τὴν
645 975 799 1065 κεφαλὴν
820 979 942 1067 ἔρημος
963 982 1025 1067 τῆς
1047 973 1268 1061 ἀπολαύσεως
1288 974 1484 1067 ἧάναπνοὴ
1497 1007 1602 1051 κατα-

290 1082 452 1158 λείπεται,
475 1071 759 1165 ἀφαρπαζομένης
781 1081 843 1164 τῆς
865 1073 1014 1159 εύωδίας.
1051 1075 1165 1164 ὥσπερ
1187 1071 1249 1149 οὖν
1270 1077 1312 1149 τὸ
1327 1075 1465 1162 κάλλος,
1488 1071 1635 1162 ούτωςσ

289 1180 344 1245 καὶ
367 1174 408 1246 τό
431 1174 542 1256 ἄνθος
564 1181 678 1262 τέρπει
703 1171 930 1264 βλεπόμενον,
962 1184 1017 1248 καὶ
1047 1177 1109 1266 χρὴ
1141 1173 1181 1248 δι’
1214 1171 1329 1264 ὄφεως
1361 1175 1606 1260 ἀπολαύοντας

290 1281 364 1346 τῶν
385 1282 505 1346 καλῶν
527 1272 678 1362 δοξάζειν
700 1273 764 1347 τόν
786 1273 996 1364 δημιουργόν.
1034 1274 1054 1366 ἡ
1075 1282 1191 1367 χρῆσις
1212 1282 1249 1349 δὲ
1269 1279 1389 1348 αὐτῶν
1410 1277 1604 1368 έπιβλαβής,

239 1387 272 1442 10
289 1383 345 1444 καί
366 1380 502 1445 θάττον
523 1381 726 1464 παρέρχεται
746 1382 910 1467 μετανοίᾳ
936 1382 1179 1466 τιμωρουμένη.
1222 1373 1343 1448 αύτίκα
1368 1375 1410 1467 δὴ
1436 1374 1528 1467 μάλα
1550 1387 1605 1450 καὶ

289 1478 492 1564 διελέγχεται
523 1473 564 1546 τό
595 1470 767 1566 ἐφήμερον
798 1471 929 1546 αύτιύυ·
945 1492 947 1496 ’
964 1476 1068 1566 ἀμφω
1104 1475 1167 1565 γάρ
1197 1485 1440 1566 μαραίνεσθον,
1473 1485 1530 1550 καὶ
1563 1477 1605 1549 τό

289 1573 399 1656 ἀνθος
430 1580 486 1646 καὶ
516 1575 557 1648 τό
588 1571 724 1658 κάλλος.
766 1571 856 1647 ἀλλά
883 1583 939 1648 καὶ
966 1575 1047 1660 τούς
1072 1573 1303 1665 θιγγάνοντας
1330 1573 1452 1650 αύτοῑν
1478 1577 1519 1650 τό
1542 1586 1604 1668 μὲν
1620 1594 1674 1653 711

289 1676 459 1760 ἀνέψυξεν,
482 1675 582 1746 τὸδέ
567 1680 786 1763 ἐέξέκαυσεν
822 1678 873 1748 ἑνὶ
894 1681 930 1746 δέ
953 1673 1046 1766 λόγῳ
1069 1671 1090 1764 ἦ
1110 1675 1202 1765 παρὰ
1224 1676 1291 1766 τὴν
1312 1669 1394 1763 όφιν
1416 1673 1602 1760 ἀπόλαυσις

291 1769 409 1846 αύτοϊν
429 1767 522 1862 ύβρις
544 1779 649 1860 ἐστίν,
681 1772 721 1846 ού
752 1773 880 1864 τρυφή
910 1782 1048 1864 τρυφᾶν
1074 1779 1109 1847 δέ
1135 1771 1227 1866 ἡμῖν,
1257 1805 1306 1858 ως
1332 1780 1370 1849 ἐν
1395 1785 1601 1868 παραδείσῳ,

238 1890 272 1944 15
289 1881 460 2001 προσῆκεν
491 1871 681 1997 σωφρόνως
708 1882 759 1964 τῷ
787 1868 863 1946 όντι
891 1881 896 1964 1
924 1880 1172 1965 παρεπομένοις
1199 1883 1243 1964 τῇ
1263 1883 1385 1965 γραφῇ.
1428 1884 1601 1964 στέφανον
1617 1896 1660 1950 212
1671 1895 1686 1945 Ρ

288 2003 350 2064 μεν
370 1975 529 2062 γυναικός
552 1973 615 2047 τόν
638 1947 745 2062 ἄνδρά
766 1972 1000 2098 ὑποληπτέον,
1003 1971 1146 2094 ’ἀνδρὸς
1167 1975 1262 2046 δέ
1225 2005 1289 2048 τον
1310 1973 1429 2068 γάμον,
1453 1976 1547 2097 άνθη
1565 1983 1601 2048 δε

289 2080 353 2145 τοῦ
373 2072 481 2164 γάμου
503 2073 545 2146 τὰ
567 2079 670 2146 τέκνα
691 2071 833 2164 ἀμφοῖν,
861 2072 882 2144 6
875 2073 946 2164 δὴ
969 2080 1043 2145 τῶν
1069 2081 1241 2164 σαρκικῶν
1262 2075 1441 2165 λειμωνων
1464 2071 1483 2148 ό
1506 2087 1600 2158 θεῖος

290 2179 447 2263 όρέπεται
469 2171 625 2264 γεωργός
671 2181 858 2262 »στέφανος
889 2179 925 2246 δέ
947 2169 1124 2263 γερόντων
1151 2181 1253 2247 τέκνα
1279 2181 1428 2259 τέκνων,
1460 2173 1542 2263 δόξα
1564 2181 1631 2246 δελ

262 2279 405 2345 Ιπαισίν
426 2276 458 2344 οί
478 2280 650 2362 πατέρεςι,
675 2283 791 2363 φησίν·
823 2271 902 2364 ημῖν
933 2279 968 2344 δέ
990 2268 1156 2362 <δόξα>’
1136 2304 1155 2345 ο
1182 2273 1297 2364 πατὴρ
1324 2282 1397 2346 τῶν
1419 2269 1524 2361 όλων,
1545 2285 1599 2346 καὶ

236 2387 271 2441 20
290 2377 350 2462 τῆς
373 2370 547 2463 συμπάσης
568 2379 744 2462 ἐκκλησίας
766 2381 935 2461 στέφανος
958 2368 976 2444 ό
999 2372 1157 2462 Χριστός.

373 2471 539 2563 Καθάπερ
562 2479 598 2544 δὲ
624 2477 658 2545 αί
685 2476 773 2561 ῥίζαι
799 2480 856 2545 καὶ
888 2478 922 2544 αἱ
951 2471 1107 2560 βοτάναι,
1138 2467 1251 2555 ούτως
1280 2480 1316 2544 δέ
1346 2480 1402 2546 καὶ
1433 2473 1476 2546 τά
1507 2473 1630 2562 ἀνθη3

286 2578 372 2653 ίόίας
393 2573 459 2662 ἔχει
481 2569 668 2662 ποιότητας
689 2579 745 2644 καὶ
768 2573 829 2656 τὰς
850 2580 913 2661 μὲν
934 2577 1134 2661 ἐπωφελεῑς,
1157 2572 1219 2656 τὰς
1240 2577 1277 2644 δέ
1299 2576 1505 2658 ἐπιβλαβεῑς,
1529 2577 1598 2644 ἐστι

287 2677 322 2743 δέ
345 2671 385 2756 ἀς
406 2682 463 2744 καί
484 2677 687 2760 ἐπισφαλεῖς.
731 2669 750 2744 ό
778 2681 861 2762 γοῦν
886 2674 1005 2756 κιττὸς
1031 2671 1181 2768 ἐμφύχει,
1213 2669 1234 2762 ἦ
1264 2679 1299 2743 όέ
1329 2671 1438 2761 καρύα
1468 2680 1597 2762 πνεῦμα

370 2813 440 2870 6-7
462 2811 518 2882 vgl.
537 2811 674 2882 Diogenes
692 2811 737 2868 bei
754 2811 834 2882 Diog.
849 2812 938 2867 [εστίν.
958 2812 996 2865 VI
1008 2813 1042 2866 39
1058 2818 1099 2884 τῷ
1116 2809 1197 2886 μύρῳ
1215 2808 1282 2876 τούς
1298 2809 1389 2876 πόδας
1405 2808 1599 2883 ἀλειψάμενος

286 2893 347 2968 ἔφη,
367 2894 424 2953 ἀπό
442 2897 496 2966 μὲν
513 2901 562 2966 τῆς
578 2900 704 2967 κεφαλῆς
721 2895 763 2962 είς
779 2893 830 2952 τόν
849 2894 921 2970 ἀέρα
939 2893 1054 2952 ἀπιέναι
1070 2895 1103 2952 τό
1121 2894 1226 2968 μύρον,
1246 2893 1304 2952 ἀπό
1321 2896 1353 2953 δέ
1369 2902 1427 2951 τῶν
1444 2899 1542 2952 ποδῶν
1560 2894 1599 2962 εἷς

284 2985 334 3052 τὴν
353 2979 492 3054 όσφρησιν
510 3011 544 3022 -
565 2981 696 3051 1411111.
715 2981 782 3036 Gen.
801 2983 827 3049 2,
846 2984 879 3037 16
897 3011 929 3020 -
949 2981 1012 3037 181
1036 2981 1115 3036 Ρτου.
1135 2983 1176 3046 17,
1195 2983 1211 3036 6
1237 3011 1271 3022 -
1297 2982 1335 3038 21
1364 2981 1419 3052 vgl.
1438 2981 1512 3036 Plut„
1530 2982 1597 3038 Mor.

285 3087 310 3138 p.
328 3071 377 3124 647
395 3069 420 3122 Δ
437 3065 512 3140 ῥίζαι
529 3065 586 3138 γάρ
604 3061 659 3123 είσι
675 3067 726 3123 καί
742 3065 865 3138 βοτάναι
882 3096 916 3105 -
934 3067 1034 3122 28-8.
1047 3065 1116 3132 201,
1136 3067 1175 3120 16
1192 3065 1247 3136 vgl.
1267 3066 1340 3121 Plut.
1359 3066 1427 3122 Mor.
1445 3084 1472 3137 p.
1489 3068 1540 3123 647
1553 3065 1598 3122 AB

284 3181 290 3193 ·
310 3193 317 3206 .
336 3195 342 3208 .
359 3159 411 3210 τοῦ
427 3159 524 3208 κιττοῦ
540 3149 785 3224 κατασβεννύντος
809 3153 860 3220 τὴν
878 3149 971 3219 μέθην
989 3157 1023 3220 τῇ
1050 3151 1213 3224 ψυχρότητι.
1249 3152 1332 3220 δηλοῖ
1345 3150 1375 3206 δέ
1391 3151 1442 3206 καλ
1458 3155 1517 3205 τῶν
1535 3147 1597 3206 δνο-

283 3235 383 3304 μάτων
400 3231 461 3292 ἔνια
479 3237 529 3304 τὴν
548 3238 614 3307 περὶ
631 3243 719 3292 ταῦτα
746 3233 1027 3306 πολυπραγμοσύνην
1043 3241 1101 3291 τῶν
1119 3239 1262 3291 παλαιῶν·
1297 3236 1347 3304 τήν
1364 3253 1396 3292 τε
1413 3232 1470 3306 γάρ
1488 3233 1598 3303 καρύαν

286 3316 375 3386 ούτως
401 3317 572 3389 ὠνόμασαν,
599 3315 643 3376 ότι
669 3327 780 3390 πνεῦμα
797 3317 872 3393 βαρύ
888 3322 938 3376 καί
954 3317 1114 3391 καρωτικὸν
1132 3316 1249 3389 ἀφιεῖσα
1267 3324 1353 3375 λυπεῖ
1365 3319 1432 3383 τούς
1448 3313 1496 3374 ἀπ’
1514 3317 1598 3388 αύτῆς

285 3404 559 3476 παρακεκλιμένους·
594 3406 644 3460 καὶ
668 3403 720 3460 τόν
746 3403 901 3478 νάρκισσον
928 3397 968 3470 όις
993 3401 1174 3477 ἀμβλύνοντα
1195 3402 1230 3460 τὰ
1257 3411 1344 3477 νεῦρα
1372 3405 1422 3459 καί
1437 3402 1597 3476 βαρύτητας

285 3487 459 3557 ἐμποωῦντα
485 3486 648 3561 ναρκώδεις.
682 3491 732 3545 647
751 3489 799 3543 D.
820 3528 826 3540 .
845 3531 851 3541 .
870 3485 925 3545 ὅσα
951 3483 975 3542 δ
1001 3488 1091 3559 ἡσυχῇ
1118 3487 1214 3561 ψυχρά
1240 3495 1281 3560 τῷ
1306 3489 1429 3559 μετρίως
1446 3485 1596 3556 ἐπιψαύειν

285 3569 527 3644 ἀνακρουομένων
544 3574 595 3638 τάς
613 3570 826 3642 ἀναθυμιάσεις,
845 3566 943 3646 ὥσπερ
962 3571 978 3628 6
996 3579 1055 3629 τῶν
1073 3569 1124 3630 ἴων
1141 3575 1191 3628 καί
1208 3569 1300 3645 ῥόδων
1319 3570 1471 3642 στέφανος·
1499 3571 1596 3642 στύφει

285 3657 340 3730 γάρ
358 3655 511 3727 ἀμφότερα
528 3659 578 3713 καί
596 3656 766 3726 (συ>στέλλει
785 3665 820 3728 τῇ
839 3655 914 3728 ὀσμῇ
930 3655 982 3724 τάς
998 3659 1184 3730 καρηβαρίας.
1219 3657 1252 3712 τό
1271 3657 1301 3714 δὲ
1318 3667 1367 3726 τῆς
1382 3655 1494 3730 κύπρου
1506 3651 1596 3722 ἀνθος

282 3744 332 3798 καί
348 3739 365 3798 ό
383 3741 489 3816 κρόκος
506 3743 556 3797 καί
572 3741 589 3810 ὴ
607 3739 746 3814 βάκκαρις
772 3741 813 3809 είς
838 3737 928 3798 ὕπνον
954 3736 1064 3799 ἀλυπον
1081 3737 1185 3805 ὑπάγει
1207 3741 1273 3808 τούς
1291 3742 1469 3808 πεπωκότας.
1504 3744 1555 3798 647
1572 3741 1595 3796 Ε

243 3903 245 3908 Ι
282 3823 366 3884 ἐνίων
383 3823 407 3883 δ’
426 3823 539 3884 ἀνθέων
558 3825 660 3895 ὀσμαῖς
686 3821 746 3882 ἀνω
774 3827 972 3896 σκιδναμέναις
988 3829 1054 3897 περί
1071 3825 1122 3883 τόν
1140 3823 1314 3898 ἐγκέφαλον,
1341 3821 1371 3882 δι’
1385 3845 1416 3884 τε
1434 3826 1521 3900 πόροι
1538 3832 1595 3884 τῶν

283 3909 476 3986 αἰσθητηρίων
493 3908 718 3984 ἐκκαθαίρονται
734 3913 784 3969 καλ
800 3911 968 3968 λεπτύνεται
984 3911 1019 3968 τόι
1037 3908 1109 3986 ύγρά
1129 3911 1230 3983 πράως
1246 3905 1315 3968 ἀνευ
1327 3915 1435 3983 πληγῆς
1445 3911 1495 3967 καί
1508 3909 1595 3966 σάλοι»

282 4003 316 4068 τῇ
332 3997 491 4068 θερμότητι
508 3997 718 4070 διακρινόμενα,
735 3998 785 4054 καί
804 3994 885 4068 φύσει
902 3995 1012 4070 ψυχρός
1029 3989 1072 4052 ὢν
1085 3993 1101 4050 ό
1114 3993 1274 4067 ἐγκέφαλος
1286 3991 1492 4052 ἀναθάλπεται
1511 3996 1594 4050 64811

281 4081 314 4138 τδ
341 4082 371 4139 δέ
396 4079 484 4153 ῥόδον
501 4079 669 4150 ὠνόμασται
695 4085 848 4152 δήπουθεν,
876 4077 919 4138 ότι
947 4077 1038 4154 ῥεῦμα
1056 4078 1196 4148 πολὺτῆς
1214 4078 1320 4150 δδωδης
1338 4076 1449 4152 ἀφίησι·
1485 4077 1528 4134 διό
1548 4079 1594 4133 καί

280 4165 399 4238 τάχιστα
416 4168 595 4241 μαραίνεται.

368 4265 506 4336 κδπότε
524 4299 558 4309 -
575 4271 725 4342 νευρῶδες)
745 4271 793 4323 Ma
810 4268 865 4337 vgl.
885 4269 911 4322 S.
926 4267 983 4334 198,
995 4267 1048 4335 811
1063 4264 1105 4336 [τό
1124 4267 1271 4339 νευρῶδες]
1288 4268 1367 4322 Schw
1382 4269 1386 4335 1
1402 4267 1420 4322 2
1439 4261 1594 4323 ἀπολλύου-

282 4370 326 4409 σιν
342 4353 379 4408 1³²
395 4351 568 4410 ἀπολύουσιν
585 4353 622 4407 Ρ*
637 4353 676 4421 14
695 4351 760 4410 ούδ
746 4353 769 4423 1
788 4347 853 4408 ούτε
871 4353 906 4407 Di
921 4358 926 4422 1
943 4354 983 4408 16
1004 4351 1156 4422 μετανοίαι
1173 4351 1218 4405 1112
1234 4349 1372 4420 μετάνοια
1390 4351 1429 4406 P*
1446 4350 1595 4420 μετάνοιαι

281 4438 361 4491 P2M*
376 4440 381 4505 1
398 4440 433 4494 11
454 4439 651 4509 μαραίνεσθον
664 4439 701 4506 sy
713 4439 889 4511 μαραίνετον
904 4439 926 4491 Ρ
940 4436 1151 4510 μαραίνεταιθά
1168 4436 1225 4498 115
1239 4433 1451 4510 παρεπομένοις
1460 4437 1499 4492 Ρ*
1508 4453 1593 4558 παρε-

280 4541 340 4592 πομ
343 4521 424 4588 ένους
441 4523 496 4590 1³²1
513 4523 550 4578 18
570 4521 665 4590 <>όδξιι
685 4523 732 4577 Ma
