3510 5474
286 324 345 385 202
875 317 1006 372 Clemens„

285 477 394 568 ταύτῃ
415 487 471 551 καὶ
492 480 572 562 τοὺς
598 479 739 568 νεκρούς
765 486 1096 566 καταστεφανοῦοιν,
1128 472 1157 571 6
1189 479 1282 572 λόγῳ
1307 491 1362 554 καὶ
1389 483 1433 556 τό
1460 489 1595 558 εἴδωλα.

286 584 372 670 έργῳ
393 587 737 670 προσμαρτυροῦντες
759 576 876 662 αύτοῑς
898 579 939 650 τό
961 581 1048 652 είναι
1069 602 1210 668 νεκροῖς.
1240 587 1272 654 σί
1293 589 1355 672 μὲν
1377 583 1441 673 γὰρ
1462 585 1597 674 βακχεύ·
1709 575 1710 622 Ῑ

286 709 382 763 οντες
414 676 544 751 0666'
523 706 604 750 ανευ
637 677 821 766 στεφάνων
853 675 1080 768 όργιόζουσιν·
1115 681 1203 753 έπόν
1232 689 1268 754 δὲ
1299 679 1526 773 ἇμφιθῶνται
1555 686 1597 756 τὰ
1709 753 1710 764 ,

285 781 391 870 όνθη,
422 777 508 866 πρός
530 778 594 867 τὴν
618 785 622 866 Ι
650 778 792 868 τελετὴν
823 777 1063 866 ῦπερκόονται
1115 777 1156 852 06
1185 780 1227 871 66
1256 790 1491 872 κοινωνητέον
1522 780 1595 855 066
1613 803 1702 857 2145}

251 876 483 957 πόπωστιοῦν
505 886 668 968 δαίμοσιν,
691 874 767 950 ἀλλ’
790 875 867 950 οῦδὲ
889 879 954 967 τὴν
975 877 1091 951 εἰκόνα
1115 886 1276 952 τοῦθεοῦ
1291 881 1390 1002 τὴνζ
1371 893 1486 970 ωσαν
1499 889 1597 974 δίκην
1709 879 1710 930 ff

286 980 441 1052 είδῶλων
462 986 537 1052 τῶν
564 985 697 1066 νεκρῶν
722 985 987 1051 καταστεπτέον.
1029 975 1049 1052 6
1080 979 1144 1070 γὰρ
1169 979 1275 1063 καλός
1304 988 1370 1055 τοῦ
1398 979 1598 1102 ἆμαρόντου

286 1086 456 1166 στέφανος
477 1073 655 1150 όπόκειται
676 1084 727 1167 τῷ
755 1085 869 1162 καλῶς
895 1087 1187 1170 πεπολιτευμένῳ
1219 1080 1259 1152 τό
1290 1079 1400 1164 ἄνθος
1427 1089 1535 1155 τοῦτο
1556 1089 1597 1172 γῆ
1709 1169 1710 1172 ¹

285 1175 462 1264 βαστάζειν
497 1175 538 1298 σύ
572 1178 777 1268 κεχώρηκεν·
817 1175 925 1268 μόνον
960 1186 997 1251 δὲ
1031 1177 1117 1252 αύτδ
1151 1201 1384 1269 καρποφορεῖν
1420 1187 1597 1256 ἐπίσταται

287 1275 441 1367 ούρανός.
472 1276 557 1365 πρὸς
579 1285 616 1350 δὲ
637 1287 694 1349 καί
715 1275 934 1367 ἀλόγιστον’
912 1276 1103 1370 ακηκοότας
1115 1275 1200 1370 ἡμᾶς
1215 1278 1279 1352 τόν
1293 1277 1412 1368 κύριον
1429 1278 1597 1367 ακανθαις
1613 1305 1627 1356 3
1709 1273 1710 1328 3

234 1404 269 1457 10
287 1383 490 1468 ἐστεμμένον
521 1374 644 1460 αύτούς
674 1383 920 1467 ἐντρυφῶντας
946 1387 998 1479 τῷ
1026 1387 1137 1471 σεμνῷ
1164 1409 1227 1451 του
1212 1385 1366 1468 κυρίου
1386 1378 1538 1454 πόθει’
1516 1412 1596 1455 ανα-

287 1484 419 1550 δεῑσθαι
442 1497 514 1559 τοῖς
535 1476 686 1550 ἄνθεσιν.
717 1475 737 1550 6
755 1480 904 1602 μὲνγὰρ
926 1508 990 1551 του
975 1485 1131 1567 κυρίου
1153 1476 1356 1566 στέφανοςι
1335 1487 1421 1568 ημᾶς
1419 1478 1596 1602 ,ᾐνίττετο

284 1585 510 1667 προφητικῶς
532 1578 612 1660 τούς
634 1607 720 1650 ποτε
744 1575 930 1665 όκόρπους,
958 1580 1040 1661 τοὺς
1065 1585 1314 1668 περικειμένους
1342 1576 1437 1670 αὐτῷ
1460 1581 1516 1654 διὰ
1538 1588 1597 1671 τῆς

286 1685 476 1768 ἐκκλησίας,
508 1670 622 1766 ἦςΙέ
624 1701 699 1750 στιν
729 1676 873 1768 κεφαλή·
904 1675 992 1751 ἀλλὰ
1018 1684 1074 1750 καὶ
1100 1685 1162 1770 τῆς
1188 1679 1337 1763 πίστεῶς
1363 1651 1458 1752 ἐστιν
1479 1679 1596 1764 τύπος
1613 1703 1667 1760 τοί

287 1785 376 1868 ζωῆς
394 1784 454 1868 μὲν
476 1777 532 1849 διὰ
554 1777 620 1867 τὴν
641 1773 759 1850 ούσίαν
781 1784 845 1850 τοῦ
865 1776 982 1865 ξύλου,
1014 1776 1232 1903 εύφροσύνηςν
1250 1785 1286 1851 δὲ
1307 1779 1363 1852 διὰ
1385 1778 1451 1870 τὴν
1472 1803 1597 1900 προση-
1709 1781 1710 1874 Ι

235 1905 267 1956 15
287 1888 406 1970 γορίαν
436 1884 501 1951 τοῦ
535 1875 722 1965 στεφάνου,
758 1876 920 1950 κινδύνου
949 1883 986 1950 δὲ
1021 1878 1075 1950 διὰ
1110 1879 1175 1968 τὴν
1211 1879 1382 1952 ἄκανθαν
1417 1876 1498 1952 0666
1536 1879 1597 1969 γὰρ

287 1979 472 2069 ἀναιμωτεὶ
501 1983 678 2066 προσιέναι
707 1983 760 2067 τῷ
792 1975 885 2068 λόγῳ
918 1980 1054 2064 ἔξεστιν.
1104 1974 1123 2050 6
1154 1985 1191 2050 δὲ
1220 1978 1368 2063 πλεκτός
1397 1989 1626 2070 μαραίνεταιε
1709 2019 1710 2076 }

287 2085 456 2168 στέφανος
480 2069 582 2160 οὗτος
604 2085 659 2148 καὶ
682 2075 724 2148 τό
750 2084 881 2168 πλέγμα
908 2084 970 2168 τῆς
1001 2075 1224 2170 σκολιότητας
1254 2075 1438 2152 ἀναλύεται
1467 2086 1526 2152 καί
1556 2079 1597 2150 τό
1709 2103 1710 2106 ’

287 2181 398 2261 όνθος
420 2186 626 2267 ξηραίνεται·
656 2185 854 2268 μαραίνεται
885 2177 947 2266 γὰρ
973 2173 994 2267 6
1022 2175 1104 2264 δόξα
1130 2186 1204 2250 τῶν
1230 2185 1282 2268 τῷ
1303 2185 1410 2268 κυρίῳ
1431 2179 1476 2270 μὴ
1498 2207 1596 2252 πεπι-

256 2274 493 2350 στευκότων.
528 2273 654 2367 Ἰησοῦν
676 2282 712 2348 δὲ
733 2274 1018 2365 έστεφόνωσαν“
997 2284 1182 2367 υφωμένον
1204 2284 1265 2368 τῆς
1287 2273 1405 2349 αύτῶν
1425 2307 1595 2370 καταμαρ-
1611 2302 1626 2353 5
1709 2307 1710 2312 ’

235 2401 269 2454 ‘20
288 2385 471 2465 τυροῦντες
503 2374 660 2464 ἀμαθίας·
692 2373 786 2449 τοῦτ’
817 2373 902 2449 αύτό
933 2375 997 2499 760
1027 2382 1060 2448 οἱ
1091 2374 1351 2500 σκληροκόρδιοι
1380 2388 1596 2469 προφητείαν
1709 2429 1710 2432 ¹

288 2483 393 2550 οὖσαν
423 2482 667 2566 σεσοφισμένην
699 2473 739 2548 06
770 2483 920 2562 νοοῦσιν,
952 2474 995 2566 ἣν
1026 2475 1125 2550 αύτοὶ
1153 2473 1251 2570 ῦβριν
1279 2483 1442 2550 καλοῦσιν
1472 2487 1597 2566 κυρίου.
1709 2505 1710 2586 {

288 2575 350 2650 οῦκ
372 2574 519 2667 ἔγνω
483 2604 546 2647 τον
567 2576 686 2665 κύριον
714 2571 732 2648 6
760 2573 886 2660 λαός(
867 2606 885 2648 ο
912 2573 1251 2668 πεπλανημένος,ού
1271 2583 1514 2667 περιτέτμηται
1535 2576 1627 2650 τόνσ
1709 2593 1710 2672 Ι

288 2671 534 2767 λογισμόν,ού
559 2675 774 2763 πεφῶτισται
801 2675 864 2748 τὸν
892 2676 1086 2768 σκοτισμόν,
1119 2673 1181 2750 οῦκ
1207 2674 1354 2748 είδεν
1317 2705 1381 2748 τον
1403 2673 1504 2764 θεόν,
1536 2675 1598 2748 τόν
1709 2681 1710 2770 Ι

287 2777 406 2865 κύριον
428 2772 612 2866 ἠρνήσατο,
642 2773 865 2848 όπολῶλεκεν
887 2775 928 2848 τὸ
958 2777 1042 2849 εῖναι
1067 2773 1211 2866 Ἰσραήλ,
1243 2781 1381 2864 ἐδίωξεν
1410 2775 1475 2849 τόν
1505 2773 1597 2858 θεόν,
1709 2789 1710 2796 ’

235 2899 267 2951 25
286 2884 501 2964 καθυβρίζειν
523 2872 643 2965 ἤλπισε
674 2873 738 2946 τὸν
768 2873 888 2963 λόγον,
918 2883 974 2945 καὶ
1005 2869 1046 2947 όν
1075 2874 1348 2963 ἐσταύρωσεν“
1318 2905 1367 2961 ως
1396 2883 1596 2966 κακοῦργον,

288 2975 470 3062 ἀνέστεφεν
493 2973 541 3059 ῶς
563 2981 708 3060 βασιλέα.
744 2972 798 3046 διό
819 2973 922 3046 τοῦτό
945 3003 1001 3046 τοι
1023 2977 1068 3058 είς
1093 2969 1134 3047 όν
1157 2973 1220 3047 οῦκ
1241 2980 1440 3048 ἐπίστευσαν
1463 2974 1597 3064 ἅνθρω·
1614 2995 1666 3051 711

287 3107 364 3156 πον,
388 3075 451 3148 τόν
474 3074 730 3164 φιλάνθρωπον
751 3073 836 3146 θεόν
857 3076 1108 3164 ἐπιγνῶσονται
1138 3073 1256 3162 κύριον
1284 3083 1340 3148 καὶ
1370 3080 1516 3147 δίκαιον·
1546 3068 1598 3145 ότι

287 3174 384 3250 αὐτοὶ
406 3184 662 3264 παρεπίκραναν
683 3179 914 3262 ἐπιδείξασθαι
936 3171 1000 3246 τόν
1021 3173 1149 3260 κύριον,
1172 3181 1278 3248 τοῦτο
1298 3172 1393 3266 αύτῷ
1414 3174 1596 3264 ῦφουμένῳ

286 3274 569 3367 μεμαρτυρήκασι,
606 3272 647 3344 τό
679 3271 821 3364 διάδημα
852 3279 913 3362 τῆς
948 3272 1162 3362 δικαιοσύνης
1193 3281 1244 3365 τῷ
1275 3272 1359 3364 ύπὲρ
1389 3280 1461 3346 πᾶν
1491 3267 1598 3361 ὄνομα

371 3498 412 3552 41
434 3495 490 3564 vgl.
508 3496 521 3549 I
538 3496 602 3550 Kor.
622 3496 662 3560 10,
680 3497 715 3551 20
732 3524 765 3534 -
782 3494 826 3550 01
840 3493 897 3563 vgl.
915 3495 927 3548 1
946 3493 1019 3551 Ρείιε.
1037 3497 1061 3561 5,
1080 3497 1098 3548 4
1115 3523 1149 3534 -
1167 3496 1187 3550 0
1205 3491 1359 3566 ἀλόγιστον
1374 3523 1409 3534 -
1428 3495 1453 3549 S.
1474 3493 1543 3562 200,
1562 3494 1597 3548 12

286 3577 422 3649 ίίκαρπον
448 3579 612 3635 Νἰσείεεοεί.
639 3597 673 3634 zu
698 3579 763 3634 Joh.
787 3581 839 3648 (19.
857 3580 934 3647 1-5)
960 3578 990 3632 in
1016 3579 1124 3634 Monac.
1143 3581 1175 3634 37
1198 3581 1217 3634 f.
1236 3582 1314 3636 5‘21v.
1349 3581 1406 3635 Ino.
1432 3580 1598 3648 κλημενεος·

286 3667 361 3734 ἡμᾶς
378 3661 409 3719 δὲ
426 3659 588 3732 ἀκηκοότας
604 3663 656 3720 τδν
671 3663 772 3734 κύριον
790 3661 943 3734 ἀλόγιστόν
960 3659 1037 3720 ἐστιν
1049 3656 1193 3731 α’κάνθαις
1204 3664 1277 3734 expl.
1291 3659 1425 3734 ἄκαρπον
1439 3694 1473 3704 -
1485 3664 1531 3720 01
1546 3663 1598 3734 vgl.

286 3751 387 3805 Matth.
406 3752 447 3813 27,
465 3749 510 3813 293
530 3749 617 3804 Mark.
637 3752 677 3818 15,
695 3753 741 3815 17;
759 3749 820 3802 Joh.
840 3749 910 3815 19,2
927 3779 960 3788 -
981 3750 1018 3805 12
1037 3750 1093 3819 vgl.
1107 3749 1208 3804 Matfih.
1221 3749 1261 3817 13,
1279 3749 1411 3806 22-18
1429 3749 1487 3819 vgl.
1500 3748 1597 3820 Ephoe.

286 3839 309 3900 5,
324 3835 370 3901 23;
389 3835 451 3890 Καί.
470 3835 540 3903 1,18
556 3865 590 3874 -
608 3836 648 3891 22
667 3834 723 3904 vgl.
741 3833 860 3902 Jos.1,3
879 3864 912 3873 -
931 3834 970 3889 20
990 3833 1045 3903 vgl.
1064 3835 1090 3887 11
1108 3833 1178 3888 Tim.
1195 3837 1221 3902 4,
1238 3835 1256 3890 8
1273 3863 1305 3874 —
1325 3833 1382 3890 201
1396 3833 1453 3902 vgl.
1465 3832 1539 3887 Phil.
1551 3833 1600 3896 29

372 4021 390 4075 θ
408 4017 482 4089 οῦδὲ]
502 4013 562 4076 οἵδε
580 4019 627 4073 wi
645 4016 694 4088 ἤδη
713 4017 745 4073 St
759 4019 764 4086 Ι
779 4018 799 4074 4
817 4019 932 4086 τελετὴν
949 4018 1099 4073 Markland
1115 4021 1247 4087 τελευτὴν
1265 4019 1287 4072 Ρ
1302 4019 1307 4086 Ι
1322 4011 1516 4074 ύπεκκοίονται
1533 4017 1579 4070 Wi
1594 4016 1597 4084 Ι

286 4099 349 4160 οὐδ’
360 4103 394 4158 Di
407 4097 510 4160 οῦθῬ
525 4108 530 4173 Ι
548 4104 587 4160 10
598 4100 836 4174 ἐστεφανωμένον
849 4101 907 4156 025.
923 4104 928 4169 Ι
945 4104 981 4158 11
995 4101 1049 4172 μὲν
1061 4113 1094 4162 <
1107 4103 1166 4158 Οεί.
1181 4105 1185 4172 Ι
1203 4104 1241 4159 12
1261 4100 1363 4169 αὐτούς
1374 4101 1434 4158 005
1449 4105 1455 4171 Ι
1472 4104 1509 4160 10
1522 4096 1600 4160 ιίναι-

286 4191 360 4257 μωτί
376 4196 416 4262 τῷ
434 4189 511 4265 λόγῳ
522 4187 673 4258 προσιέναι
690 4187 749 4242 Οαί.
765 4191 770 4254 Ι
786 4182 802 4242 δ
820 4185 850 4242 δὲ
867 4216 900 4225 -
920 4187 956 4242 10
973 4183 1205 4244 πεπιστευκότων
1222 4198 1255 4248 <
1274 4187 1333 4244 eat.
1357 4188 1363 4255 Ι
1388 4188 1427 4245 10
1444 4184 1485 4256 δὲ]
1503 4185 1600 4256 μέντοι

287 4275 346 4328 Cat.
362 4277 367 4342 Ι
382 4269 545 4343 δρωμένου]
563 4279 596 4337 -Ι-
616 4267 745 4330 ’Ῑονδαῖοι
762 4273 822 4327 eat.
839 4271 919 4340 11οί
943 4267 1052 4328 ἑαυτῶν
1075 4279 1302 4343 κατηγοροῦντες
1321 4271 1380 4326 055
1395 4274 1400 4342 Ι
1416 4273 1457 4328 20
1474 4265 1551 4328 τοῦτ’
1568 4301 1599 4309 -

287 4358 326 4414 25
346 4360 396 4413 καί
416 4369 448 4416 <
469 4357 628 4424 (001201
647 4354 682 4414 δν
699 4356 756 4430 γδιρ
774 4361 815 4423 ὡς
831 4363 994 4429 κακοῦργον
1011 4353 1205 4426 ἐσταύρωσαν,
1223 4363 1326 4412 τοῦτον
1344 4349 1385 4422 όις
1401 4354 1520 4428 βασιλέα
1539 4349 1598 4412 α’νέ-

288 4457 399 4512 στεψαν
417 4439 476 4497 eat.
501 4444 505 4510 Ι
530 4444 568 4499 20
594 4461 640 4500 τοι
657 4453 690 4502 <
708 4443 770 4498 (λεί.
793 4443 798 4511 Ι
822 4441 888 4497 2οί
910 4434 1069 4515 ἄνθρωπον
1086 4439 1138 4499 τδν
1156 4445 1222 4512 φιλ,
1238 4439 1310 4498 θεὸν
1329 4439 1409 4496 θείειν
1423 4441 1429 4508 Ι
1445 4441 1482 4498 21
1502 4438 1600 4512 κύριοι·

287 4535 320 4586 <
333 4524 391 4580 Cat.
407 4528 411 4595 Ι
428 4521 473 4582 δτι
485 4527 564 4582 Schw
583 4523 616 4582 δν
628 4527 652 4582 Ρ
670 4529 720 4582 καί
731 4545 810 4596 τοιγε
823 4520 894 4598 ὅπερ
908 4527 965 4581 Cat.
981 4528 986 4596 1
1003 4527 1041 4583 28
1060 4525 1155 4596 τοῦτο]
1172 4524 1267 4601 τούτῳ
1277 4526 1315 4595 Sy
1328 4528 1334 4596 Ι
1349 4526 1387 4582 20
1404 4531 1444 4596 τῷ
1458 4525 1517 4582 0αο
1535 4523 1567 4582 τὸ
1579 4523 1598 4577 Ρ
