3510 5474
494 451 676 522 Paedagogus
693 453 726 507 11.
744 452 808 523 Cap.
827 453 886 509 VII.
904 453 945 521 53,
963 455 1054 518 5—57,
1073 457 1096 510 3.
1395 465 1451 526 191

138 620 294 704 ἐκτείνης
323 633 443 704 χεῖρα(
489 609 615 688 ούκουν
644 621 926 706 προεκπηδητέον
954 612 1021 688 ύπό
1049 625 1246 707 λαιμαργίας
1269 613 1486 690 άναπειθο-3

138 725 264 808 μένους
298 723 385 788 ποτὲ
419 711 497 788 ούδὲ
531 713 597 805 μὴν
628 720 901 805 ἐπιγλιχομένους
931 726 1163 803 παρεκτείνειν
1191 723 1284 806 μέχρι
1319 726 1453 790 πολλοῦ

137 814 213 908 χρή,
237 825 281 906 τῇ
302 813 520 906 ἐφυστερήσει
543 815 608 904 τὴν
630 812 792 903 ἀκρασίαν
815 809 1085 904 ὁμολογοῦντας,
1113 823 1118 906 Ι
1138 813 1218 889 ἀλλ”
1241 813 1318 888 οὐδὲ
1340 821 1378 888 ἐν
1400 825 1452 903 τῷ
1470 825 1554 880 202P

137 917 266 1008 μεταξύ
292 922 552 1006 προσκειμένους
586 923 768 1002 φαίνεσθαι
794 912 951 1002 καθάπερ
978 915 1021 986 τά
1053 925 1157 1006 θηρία
1188 924 1230 1006 τῇ
1260 923 1344 1009 βορξι
1375 914 1452 988 ούδὲ

99 1017 207 1108 ὁμὴν
238 1023 397 1100 πλείονος
429 1009 519 1102 ὄψου
548 1020 812 1104 προσφέρεσθαι·
855 1012 895 1086 ού
925 1013 987 1104 γάρ
1018 1011 1197 1104 ὀψοφάγος
1226 1015 1335 1102 φύσει,
1365 1013 1452 1089 ἀλλὰ

138 1115 328 1206 σιτοφάγος
351 1115 547 1202 ἅνθρωπος.
591 1123 863 1205 προανίστασθαι
885 1121 920 1185 δέ
944 1122 1016 1187 τῶν
1042 1123 1186 1186 πολλῶν
1206 1124 1262 1186 καὶ
1290 1121 1353 1188 τοῦ
1374 1141 1453 1206 συμ-
1470 1127 1536 1190 56,1

136 1226 264 1290 ποσίσυ
285 1213 456 1300 ὑπεξιέναι
478 1217 633 1297 ἐπιεικῶς
655 1211 778 1304 ἀνδρὸς
801 1215 995 1304 σώφρονος·
1028 1219 1084 1285 »ἐν
1110 1212 1184 1307 εόρᾳ
1211 1212 1308 1305 γάρι,
1341 1223 1452 1306 φησίν,

142 1313 380 1399 »ἀναστάσεως
402 1315 446 1404 μὴ
469 1311 603 1403 ούράγει
634 1322 690 1385 καὶ
712 1311 877 1403 ἀπότρεχε
899 1320 945 1397 είς
969 1311 1064 1386 οίκόν
1087 1339 1174 1387 σου(
1222 1320 1337 1404 έλεγσν
1358 1322 1393 1386 δὲ
1420 1317 1452 1385 σί

139 1417 275 1488 δῶδεκα
297 1411 606 1504 προσκαλεσάμενοι
638 1413 678 1484 τό
709 1419 846 1502 πλῆθος
876 1422 951 1485 τῶν
980 1423 1161 1505 μαθητῶν·
1196 1412 1277 1488 »σύκ
1308 1411 1453 1504 ἀρεστόν

83 1537 118 1592 10
137 1520 235 1588 ἐστιν
259 1510 343 1605 ἡμᾶς
363 1521 637 1600 καταλείψαντας
660 1511 723 1584 τόν
745 1509 850 1602 λόγον
872 1521 935 1584 τοῦ
958 1520 1042 1587 θεοῦ
1058 1522 1228 1586 διακονεῖν
1244 1523 1448 1604 τραπέζαις(

138 1619 169 1685 εί
193 1614 233 1704 δὴ
257 1621 362 1686 τοῦτο
385 1611 614 1702 ἐφυλάξαντο,
637 1621 759 1702 πολλῷ
783 1619 914 1702 μᾶλλον
940 1624 1202 1706 γαστριμαργίαν
1224 1619 1376 1704 ἔφευγον.
1420 1617 1486 1686 οί2

138 1722 176 1787 δὲ
205 1710 304 1786 αύτσὶ
331 1706 428 1786 οὗτοι
459 1710 648 1786 ἀπόστολοι
682 1733 772 1796 »τοῖς
801 1715 890 1786 κατὰ
922 1714 988 1803 τὴν
1009 1710 1214 1803 Ἀντιόχειαν
1245 1723 1300 1786 καὶ
1322 1722 1452 1802 Συρίαν

136 1821 196 1886 καί
219 1820 375 1885 Κιλικίαν
397 1809 575 1900 ἀδελφοῖς(
600 1818 860 1895 ἐπιστέλλοντες
884 1817 1033 1900 τέδοξενι
1052 1817 1181 1900 ἔφασαν
1200 1821 1269 1904 »τῷ
1285 1811 1452 1902 πνεύματι

139 1921 192 2003 τῷ
225 1908 309 2002 ἁγίῳ
336 1922 393 1984 καὶ
423 1909 501 2002 ἡμῖν
532 1919 635 2002 μηδὲν
665 1919 774 1984 πλέον
805 1917 986 1984 ἐπιθέσθαι
1016 1910 1093 2001 ύμῖν
1123 1909 1225 2000 βάρος
1253 1910 1347 2001 πλὴν
1378 1919 1451 1982 τῶν

81 2037 116 2090 15
137 2009 337 2102 ἐπάναγκες,
360 2009 544 2102 ἀπέχεσθαι
566 2010 812 2084 εἰδωλοθύτων
833 2020 888 2082 καὶ
911 2017 1053 2102 αἵματος
1067 2017 1123 2082 καὶ
1137 2019 1294 2082 πνικτῶν
1315 2018 1370 2082 καὶ
1391 2017 1450 2100 τῆς

137 2121 309 2201 πορνείας,
333 2116 367 2198 ἐξ
391 2104 441 2182 ῶν
463 2117 703 2200 διατηροῦντες
725 2112 867 2195 ἑαυτούς
890 2106 926 2184 εύ
947 2111 1119 2198 πράξετει.
1156 2109 1392 2200 φυλάττεσθαι
1415 2117 1483 2182 δέ3

139 2212 203 2294 τὰς
224 2218 402 2300 παροινίας
425 2209 539 2301 ῶσπερ
561 2217 617 2282 καὶ
639 2209 681 2281 τό
701 2211 847 2284 κώνειον
870 2219 931 2283 δεῖ·
954 2211 1058 2301 άμφω
1073 2211 1137 2300 γὰρ
1159 2207 1386 2300 ύπσσύρουσιν
1406 2217 1452 2294 εἰς

137 2310 306 2384 θάνατον.
353 2309 431 2400 »χρὴ
465 2317 500 2382 δὲ
531 2318 587 2381 καὶ
617 2312 781 2399 γελώτων
811 2315 979 2402 εἴργεσθαι
1011 2317 1167 2397 ἐξαισίων
1193 2317 1249 2383 καί
1272 2309 1448 2400 δακρύων(

137 2410 377 2501 ύπερμέτρων·
399 2407 566 2494 πολλάκις
588 2409 651 2498 γάρ
674 2415 706 2482 οί
734 2417 915 2500 οἰνωμένοι
941 2408 1168 2501 καγχάσαντες
1195 2415 1250 2482 ἐπὶ
1276 2423 1450 2492 πλεῖστον,

80 2533 118 2586 20
138 2513 214 2583 είτα
235 2517 353 2600 μέντοι
376 2507 579 2600 ἀπήχθησαν
602 2508 664 2583 ούκ
686 2507 754 2582 οἶδ’
777 2505 875 2594 όπως
895 2520 1056 2605 παροινίᾳ
1075 2518 1143 2584 τινί
1158 2509 1451 2600 παραπειθόμενοι

139 2617 188 2693 είς
211 2608 349 2699 δάκρυα·
381 2609 501 2702 ἀπᾴδει
528 2609 590 2700 γάρ
614 2607 803 2699 τοῦλόγου
823 2618 878 2682 καὶ
902 2611 942 2682 τό
965 2610 1212 2700 ἐκθηλύνεσθαι
1238 2617 1293 2682 καὶ
1316 2609 1357 2681 τό
1380 2615 1449 2696 ἐξυ-

138 2718 273 2801 βρίζειν.
315 2685 497 2800 πρεσβῦται
525 2716 559 2780 δέ
583 2706 631 2792 ῶς
653 2716 755 2781 τέκνα
777 2705 982 2833 ἀφορῶντες
1001 2711 1082 2794 τοὺς
1105 2719 1200 2792 νέους
1223 2715 1449 2782 σπανιαίτατα
1466 2721 1532 2783 57,1

138 2818 216 2902 μέν,
246 2815 325 2894 ἴσως
357 2805 434 2882 δ’”
414 2839 456 2880 αν
477 2837 546 2880 που
568 2817 623 2881 καὶ
646 2817 800 2894 παίξαιεν
822 2809 909 2898 πρός
940 2808 1077 2896 αύτούς,
1104 2813 1148 2892 είς
1175 2816 1280 2929 τᾳύτο
1307 2808 1450 2879 ἐπισκῶ-

138 2941 298 2994 πτοντες,
322 2902 603 2998 όπαιδαγωγὴσει
617 2907 658 2980 τό
674 2903 838 2999 εὔσχημον
854 2908 978 2982 αὐτῶν.
1014 2907 1128 2999 ἀμέλει
1141 2907 1227 2997 πρός
1242 2907 1306 2980 τὸν
1320 2915 1450 3036 αἰσχυν-

83 3033 119 3087 25
141 3011 250 3100 τηλόν
271 3017 327 3080 καὶ
349 3006 525 3128 σιωπηλόν
548 3013 618 3079 ἐστι
639 3017 914 3097 χαριεντίσασθαι
937 3002 1006 3080 οἶδε’
1030 3032 1118 3092 πως·
1150 3004 1168 3080 ό
1200 3015 1234 3078 δε
1265 3005 1343 3096 ἐμός
1368 3003 1449 3088 υἱός,

139 3117 271 3182 ἐκεῖνον
289 3117 294 3197 Ι
314 3115 402 3198 λέγω
426 3107 489 3180 τόν
510 3114 711 3192 σιωπῶντα,
734 3105 775 3179 ού
795 3107 939 3180 παύεται
961 3117 1085 3182 λαλῶν.
1123 3113 1281 3180 ἐπιτείνει
1302 3105 1365 3195 γάρ
1388 3111 1450 3176 τοῦ
1469 3125 1527 3180 758
1545 3125 1562 3178 2

140 3216 221 3282 νέου
242 3207 306 3299 τὴν
327 3213 411 3281 αίδῶ
435 3205 455 3296 ἦ
478 3207 620 3296 τοιαύτη
642 3211 830 3294 ἐπίσκωφις
852 3215 1059 3298 ἐμφαίνουσα
1081 3214 1267 3297 χαριέντως
1289 3205 1333 3276 τὰ
1347 3229 1449 3291 προσ-

140 3310 227 3384 όντα
258 3305 351 3400 αύτῷ
382 3305 509 3396 χρηστά
541 3307 594 3377 διά
627 3313 686 3396 τῆς
717 3315 791 3378 τῶν
820 3307 975 3394 φαύλων,
1007 3307 1028 3380 ἀ
1057 3307 1100 3398 μὴ
1132 3305 1314 3393 πρόσεστιν
1345 3301 1448 3393 αύτῷ,

141 3413 314 3498 διαβολῆς·
345 3411 478 3478 ἐπίνοια
505 3405 567 3495 γὰρ
593 3415 648 3478 καὶ
671 3403 755 3496 αύτὴ
779 3408 995 3498 διδασκαλικη
1027 3408 1081 3479 διὰ
1104 3405 1233 3496 τρύμη
1255 3400 1448 3494 προσόντος

85 3529 121 3584 30
140 3516 289 3599 κυροῦσα
311 3506 351 3579 τὸ
374 3503 513 3595 προσόν.
556 3503 669 3594 ἀμέλει
692 3505 853 3579 τοιοῦτόν
884 3536 918 3578 τι
940 3513 1100 3597 ἐπικρίνει
1123 3503 1141 3579 ὁ
1166 3504 1229 3579 τόν
1251 3502 1448 3595 ύδροπότην

139 3616 195 3682 καί
218 3609 383 3698 σῶφρονα
405 3624 582 3698 παροινεῖν
604 3613 659 3677 καὶ
681 3605 820 3695 μεθύειν
847 3613 965 3697 λέγων.
1010 3615 1036 3680 εί
1067 3614 1102 3679 δὲ
1128 3615 1184 3678 καὶ
1212 3609 1278 3679 είέν
1304 3635 1394 3687 τινες
1417 3609 1482 3676 013

141 3708 431 3797 φιλοσκώμμονες,
454 3711 648 3795 σιωπητέον
671 3702 824 3796 ἡμῖνκαὶ
847 3715 1113 3800 παραπεμπτέον
1135 3708 1215 3789 τούς
1232 3703 1353 3797 λόγους
1369 3706 1449 3787 τοὺς

139 3807 333 3897 περιττούς,
363 3804 476 3894 ῶσπερ
504 3805 565 3888 τάς
586 3803 725 3889 κύλικας
747 3806 808 3888 τὰς
829 3815 1109 3898 πεπληρωμένας·
1134 3807 1322 3896 ἐπισφαλὴς
1345 3805 1407 3896 γὰρ
1428 3801 1448 3894 ἡ

228 3993 271 4049 Η
290 3995 338 4048 Sir.
357 3997 390 4050 35
409 3994 471 4062 (32),
490 3996 521 4047 11
540 4023 574 4033 —
591 3993 637 4050 91
651 3997 712 4048 Act.
730 3997 755 4060 6,
773 3997 789 4049 2
806 4023 839 4032 -
859 3995 970 4050 12-10
989 4000 1049 4050 Act.
1072 3999 1111 4062 15,
1131 3997 1172 4050 23.
1188 3995 1241 4049 281
1255 4025 1289 4033 -
1308 3992 1343 4047 18
1370 3992 1450 4044 Plato

139 4079 205 4149 Leg.
224 4079 249 4133 V
267 4096 294 4148 p.
314 4079 396 4133 7320
413 4109 447 4117 —
464 4077 539 4133 2211
554 4079 610 4148 vgl.
628 4079 701 4134 Plut.
720 4080 789 4135 Mor.
808 4081 858 4134 632
869 4080 906 4142 Ι);
925 4080 1085 4134 Wendland
1103 4080 1212 4144 Quaest.
1232 4077 1300 4131 Mus.
1319 4078 1352 4132 60

227 4230 271 4286 lt
285 4226 557 4298 ἀναπεπλησμένους
574 4229 654 4284 Schw
669 4232 673 4298 Ι
691 4229 705 4285 λ
736 4225 878 4295 ὑπεξιέναι
896 4230 930 4284 Di
953 4225 1096 4295 ὑπεξεῖναι
1113 4230 1134 4282 Ρ
1160 4231 1163 4296 Ι
1188 4229 1206 4283 8
1229 4223 1345 4298 οὐράγει
1368 4242 1404 4288 Ιει
1421 4223 1450 4277 in

139 4315 212 4384 Ριυε.)
231 4315 267 4368 Ρ2
286 4314 290 4382 Ι
316 4315 355 4371 14
372 4320 431 4370 τῶν
450 4313 578 4369 PeorrFM
596 4313 705 4369 τούτων
723 4315 761 4368 Ρ*
780 4312 915 4382 (τούτων)
934 4320 992 4370 τοῖν
1011 4317 1042 4368 st
1056 4314 1108 4368 wie
1126 4315 1185 4366 Act.
1211 4313 1214 4377 Ι
1236 4311 1272 4366 15
1292 4305 1450 4378 ἐπάναγκες

140 4399 219 4452 Pom
242 4391 288 4456 ἐπ’
314 4391 439 4468 ἀνάγκης
456 4401 493 4452 Ρ*
511 4402 515 4468 Ι
532 4401 570 4456 19
598 4393 744 4473 ιμ’νονμένοι
763 4399 798 4453 Di
821 4400 825 4467 Ι
848 4397 1046 4470 καγχάσαντες
1066 4398 1144 4451 P00rr
1161 4393 1356 4464 κακχάσαντες
1383 4395 1449 4463 (ng.

140 4483 252 4538 Pierson
270 4501 304 4538 zu
321 4484 421 4539 Moeris
438 4485 536 4555 (Lugd.
556 4487 632 4550 1759,
651 4503 676 4555 p.
695 4487 755 4540 215»
775 4484 825 4538 ΡΜ
842 4485 845 4552 Ι
862 4485 902 4539 20
920 4483 1064 4556 παροινίᾳ]
1089 4481 1232 4552 παρανοίᾳ
1251 4477 1398 4532 Markland
1417 4495 1450 4532 zu

139 4566 231 4639 Eurip.
244 4567 336 4639 Suppl.
351 4571 401 4626 546
416 4569 421 4636 Ι
437 4571 477 4625 22
496 4567 658 4640 ἐφορῶντες
675 4569 722 4623 Μο
737 4571 741 4638 Ι
757 4564 940 4624 σπανιώτατα
959 4569 994 4622 Ρ3
1009 4569 1013 4631 Ι
1029 4569 1069 4623 22
1087 4562 1208 4621 ὑπόνοια
1221 4564 1269 4617 Ma
1286 4563 1449 4633 «επροσΙεπθ

140 4671 203 4708 νσια
222 4653 303 4708 Schw
318 4656 322 4722 Ι
338 4649 408 4723 αὐτὴ
426 4654 493 4708 ΡΜ*
518 4651 588 4724 αὔτη
607 4655 644 4707 Ρ*
663 4648 732 4722 αὕτη
752 4653 848 4722 P³M²l
865 4654 904 4710 80
921 4650 1054 4708 τοιοῖτόν
1072 4652 1103 4705 St
1119 4655 1258 4705 τοσοῦτον
1275 4648 1297 4702 Ρ
