3510 5474
269 391 327 455 160
853 376 986 434 Clemens,

268 545 449 637 εὐαγγελίῳ
473 551 535 616 τοῦ
557 551 722 615 πλουσίου
743 540 864 625 παιδός
886 541 1001 616 εἰκόνα
1023 546 1259 634 παραχρῆσθαι
1281 557 1353 624 τοῖς
1368 540 1584 628 τοῦπατρὸς

269 646 476 738 δωρήμασιν,
497 651 644 736 χρῆσθαι
666 649 702 716 δὲ
724 641 852 728 αύτοίς,
878 639 926 725 ιδς
948 643 1129 731 ἄρχοντας,
1152 637 1403 730 ἀπροσκλινῶς·
1437 647 1495 712 καὶ
1519 639 1582 730 γάρ

268 745 455 834 βασιλεύειν
485 744 677 834 ἐτάχθημεν
707 751 762 814 καὶ
792 741 1057 830 κατακυριεύειν,
1089 739 1162 830 ούχὶ
1193 739 1366 813 δουλεύειν
1392 758 1467 824 τοῖς
1494 741 1581 826 βρυό-

267 871 375 937 μασιν.
418 843 568 935 άγαστὸν
598 849 659 933 μὲν
690 835 753 915 οὖν
781 840 868 932 πρὸς
899 841 940 914 τό
972 839 1098 930 ἀληθὲς
1129 835 1390 932 ἀναθρὴσαντας
1420 847 1485 930 τῆς
1507 840 1614 912 άνω3

234 953 400 1036 δτροφῆς
430 950 602 1033 ἐξέχεσθαι
629 948 691 1031 τῆς
722 951 817 1026 θείας
846 950 903 1014 καί
933 947 995 1029 τῆς
1022 947 1085 1015 τοῦ
1107 935 1219 1022 όντως
1242 935 1346 1023 ὄντος
1367 938 1582 1030 άπληροότου

269 1052 525 1137 ἐμπίμπλασθαι
555 1047 652 1126 θέας,
689 1047 750 1131 τῆς
780 1049 914 1127 βεβαίου
949 1046 1004 1111 καὶ
1034 1047 1179 1131 μονίμου
1214 1047 1270 1112 καὶ
1299 1047 1456 1130 καθαράς
1488 1067 1581 1128 γευσ-

269 1153 391 1235 μένους
412 1141 545 1234 ἡδονῆς.
589 1140 720 1230 ταύτην
741 1139 804 1230 γάρ
826 1140 892 1230 τὴν
913 1137 1048 1230 ἀγάπην
1070 1145 1263 1228 ἐκδέχεσθαι
1290 1147 1360 1212 δεῖν
1382 1145 1540 1228 ἐμφαίνει
1561 1136 1580 1228 ἡ

269 1252 391 1332 βρῶσις
418 1240 624 1333 ἡΧριστοῦ·
654 1247 775 1331 κομιδῇ
804 1246 839 1312 δὲ
870 1240 999 1328 άλογον
1027 1247 1084 1312 καί
1114 1237 1247 1327 ἀχρεῖον
1276 1247 1333 1310 καὶ
1359 1237 1421 1310 ούκ
1443 1236 1614 1326 ἀνθρώ-4

270 1371 369 1416 πειον
403 1338 626 1431 βοσκημάτων
662 1347 759 1432 δίκην
793 1347 1028 1430 πιαινομένων
1064 1335 1210 1430 θανάτῳ
1248 1345 1445 1428 τρέφεσθαι,
1482 1336 1580 1412 κάτω

221 1462 254 1517 10
271 1451 461 1530 βλέποντας
483 1448 530 1524 είς
552 1447 616 1531 γῆν
637 1441 718 1524 τούς
740 1445 777 1512 ἐκ
798 1446 859 1530 γῆς
878 1436 931 1512 ἀεὶ
953 1447 1009 1510 καί
1030 1435 1221 1525 κεκυφότας
1243 1445 1290 1524 είς
1312 1445 1495 1528 τραπέζας,
1519 1435 1583 1526 τὴν

273 1550 392 1632 λίχνον
422 1537 661 1624 διωκάθοντας
692 1538 794 1630 ζωήν,
827 1539 867 1612 τὸ
899 1537 1032 1628 ἀγαθὸν
1058 1535 1210 1611 ἐνταῦθά
1237 1567 1306 1610 που
1326 1535 1583 1626 κατορύξαντος

271 1650 347 1734 περὶ
380 1642 445 1732 τὴν
475 1637 537 1714 ούκ
568 1645 730 1729 ἐσομένην
752 1638 858 1729 ζωήν,
890 1637 999 1729 μόνην
1021 1636 1272 1722 κολακεύοντας
1295 1637 1361 1728 τὴν
1381 1634 1583 1717 κατάποσιν,

272 1737 318 1814 δι’
340 1739 385 1831 ἣν
414 1737 679 1830 πολυτιμότεροι
709 1735 887 1829 γεγόνασιν
916 1737 1068 1829 μάγειροι
1097 1744 1267 1828 γεωργῶν.
1314 1737 1360 1828 μὴ
1390 1735 1454 1828 γάρ
1486 1733 1584 1824 ἀφαι-

273 1848 397 1931 ροῦμεν
435 1839 500 1929 την
534 1835 805 1929 συμπεριφοράν,
842 1835 930 1910 ἀλλά
960 1836 1024 1910 τόν
1054 1831 1196 1910 ὄλισθον
1225 1843 1288 1928 τῆς
1317 1844 1501 1926 συνηθείας
1538 1831 1584 1916 οἷς

222 1957 254 2012 15
273 1939 449 2028 συμφοράν
489 1933 736 2029 ύποπτεύομεν.
799 1936 851 2011 διὸ
896 1944 1125 2027 παραιτητέον
1162 1936 1226 2026 τὴν
1265 1944 1412 2025 λιχνείαν
1453 1931 1584 2024 ὀλίγων
1601 1951 1659 2015 1711

274 2047 383 2111 τινῶν
412 2046 469 2110 καὶ
495 2036 693 2128 ἀναγκαίων
718 2035 1054 2128 μεταλαμβάνοντας·
1083 2044 1140 2108 καὶ
1162 2040 1264 2120 εἴτις
1286 2033 1371 2127 ἡμᾶς
1391 2046 1491 2107 καλεῖ
1511 2043 1585 2105 τῶν

275 2137 431 2211 ἀπίστων
460 2145 516 2208 καί
545 2137 751 2227 πορεύεσθαι
781 2146 941 2227 κρίνομεν
971 2135 1091 2224 (καλὸν
1118 2134 1181 2225 γάρ
1206 2136 1251 2226 μὴ
1274 2143 1584 2224 συναναμίγνυσθαι

274 2257 346 2320 τοῖς
369 2235 551 2324 ἀτάκτοις),
581 2243 654 2309 πᾶν
675 2237 716 2309 τὸ
738 2244 1013 2327 παρατιθέμενον
1043 2235 1170 2307 κελεύει
1201 2231 1279 2325 ἡμῖν
1309 2241 1437 2306 ἐσθίειν
1462 2240 1584 2323 »μηδὲν

276 2334 513 2424 ἀνακρίνουσιν
535 2334 588 2406 διά
610 2335 676 2424 τὴν
706 2344 929 2428 συνείδησινε,
960 2332 1086 2421 ὁμοίως
1112 2343 1147 2408 δέ
1174 2343 1229 2408 καί
1256 2335 1300 2408 τά
1326 2340 1362 2406 ἐκ
1386 2341 1391 2424 Ι
1413 2340 1585 2424 μακέλλου
1602 2350 1675 2408 1701)

224 2452 259 2507 20
277 2434 483 2526 ἀπεριέργως
506 2432 670 2507 ω’νεῖσθαι
691 2443 906 2523 προσέταξεν.
949 2431 1011 2506 ούκ
1033 2431 1202 2523 ἀφεκτέον
1225 2428 1286 2508 οὖν
1307 2441 1489 2518 παντελῶς
1511 2441 1617 2504 τῶν2

276 2545 446 2608 ποικίλων
467 2533 676 2626 βρωμάτων,
703 2531 781 2606 ἀλλ’
805 2532 846 2606 ου’
867 2541 944 2621 περὶ
966 2531 1052 2606 αύτά
1074 2542 1318 2607 σπουδαστέον·
1345 2541 1585 2625 μεταληπτέον

277 2641 313 2707 δὲ
339 2643 413 2707 τῶν
438 2641 737 2724 παρατιθεμένων,
770 2631 818 2716 σός
843 2640 977 2722 πρέπον
1000 2642 1211 2726 Χριστιανῷ,
1243 2643 1416 2726 τιμῶντας
1438 2639 1499 2724 μὲν
1522 2631 1585 2704 τόν

276 2731 466 2824 κεκληκότα
488 2734 575 2807 κατά
598 2734 662 2825 τὴν
685 2732 813 2824 ἀβλαβῆ
835 2741 889 2804 καὶ
910 2728 1106 2823 άπροσκορῆ
1121 2740 1183 2824 τῆς
1197 2743 1373 2818 συνουσίας
1386 2741 1584 2816 κοινωνίαν,

277 2831 466 2924 ἀδιάφορον
500 2840 536 2907 δέ
573 2831 780 2925 ἡγουμένους
818 2839 891 2903 τῶν
929 2839 1219 2924 εἰσκομιζομένων
1256 2834 1321 2924 τὴν
1349 2839 1584 2916 πολυτέλειαν,
1601 2846 1663 2906 638

226 2949 259 3005 25
277 2941 582 3023 καταφρονοῦντας
616 2942 690 3005 τῶν
712 2927 813 3016 ὄψων
840 2929 889 3016 ιύς
909 2930 985 3022 μετ’
1009 2929 1127 3024 ὀλίγον
1149 2929 1212 3004 ούκ
1234 2927 1357 3006 ὄντων.
1395 2928 1433 3004 νδ
1455 2937 1584 3004 ἐσθίων
1602 2947 1617 3000 3

277 3033 407 3124 τὸνμὴ
430 3040 592 3108 ἐσθίοντα
612 3035 657 3126 μὴ
680 3039 921 3122 ἐξουθενείτω,
950 3028 968 3104 δ
992 3032 1093 3123 δὲμὴ
1116 3037 1244 3105 ἐσθίων
1269 3033 1334 3106 τὸν
1354 3037 1519 3104 ἐσθίοντα
1540 3031 1584 3122 μὴ

277 3141 450 3225 κρινέτω(
496 3133 617 3221 μικρὸν
648 3139 684 3204 δὲ
714 3129 843 3217 ύποβάς
873 3139 929 3202 καὶ
960 3132 1025 3223 τὴν
1053 3139 1166 3205 αἰτίαν
1188 3141 1248 3224 τῆς
1270 3139 1496 3223 παραγγελίας
1518 3137 1587 3221 ἐξη-

278 3231 424 3323 γήσεται,
458 3227 495 3304 νδ
518 3237 663 3304 ἐσθίων(
698 3239 806 3320 λέγων
840 3239 961 3322 »κυρίῳ
993 3237 1099 3305 ἐσθίει
1128 3241 1184 3304 καί
1215 3229 1402 3324 εύχαριοτεί
1427 3237 1478 3322 τῷ
1501 3238 1586 3322 θεῷ·

364 3369 705 3440 lrvgl.Luk.15,11ff
726 3401 759 3409 -
786 3370 826 3426 81
841 3371 896 3441 vgl.
916 3371 983 3427 Gen.
1002 3375 1024 3438 1,
1043 3373 1077 3427 28
1104 3401 1136 3410 —
1163 3371 1255 3428 4-11
1283 3372 1339 3441 vgl.
1365 3371 1447 3426 Plato
1465 3371 1531 3441 Rep.
1549 3369 1586 3423 lX

278 3474 302 3526 p.
320 3457 407 3511 5868
424 3453 497 3524 πρὸς
514 3453 547 3509 τὸ
566 3452 683 3524 άληθῶς
701 3450 761 3512 άνω
780 3449 845 3512 ούτε
869 3453 1031 3528 ἀνέβλεψαν
1047 3451 1164 3512 πώποτε
1184 3449 1249 3511 ούτε
1268 3453 1437 3526 ἠνέχθησαν,
1456 3451 1586 3510 οὐδὲτοῦ

279 3535 362 3604 ὄντος
378 3545 418 3609 τῷ
437 3533 497 3593 ἀντι
516 3534 731 3612 ἐπληρώθησαν,
749 3534 814 3597 οάδε
825 3541 943 3612 βεβαίου
954 3559 986 3597 τε
998 3542 1046 3596 καί
1063 3543 1198 3611 καθαρᾶς
1215 3541 1316 3609 ἡδονῆς
1334 3535 1497 3610 ἐγεύσαντο,
1516 3535 1585 3595 άίλά

278 3621 467 3696 βοσκημάτων
483 3622 562 3691 δίκην
579 3622 657 3679 κάτω
676 3621 722 3681 άεί
738 3623 891 3697 βλέποντες
902 3626 951 3681 καί
962 3620 1117 3694 κεκυφότες
1134 3622 1175 3690 είς
1192 3630 1245 3696 γῆν
1262 3626 1311 3680 καί
1328 3621 1370 3688 είς
1380 3623 1523 3694 τραπέζας
1538 3617 1586 3696 βό·

279 3725 393 3763 σκονται
412 3735 445 3744 -
461 3707 552 3762 8-12
572 3707 627 3777 vgl.
646 3707 711 3764 Isid.
729 3710 818 3764 Polus.
836 3709 887 3780 Ep.
905 3710 917 3762 1
938 3709 988 3764 336
1006 3739 1039 3748 -
1058 3710 1096 3765 12
1125 3710 1180 3778 vgl.
1198 3707 1339 3764 Musonius
1358 3708 1402 3764 bei
1420 3708 1496 3764 Stob.
1517 3707 1586 3762 Flor.

279 3795 320 3859 17,
332 3793 366 3846 43
378 3789 461 3848 Mein.
479 3792 516 3860 (p.
529 3793 587 3855 505,
600 3792 633 3846 16
644 3791 744 3864 Hense)
761 3796 812 3862 τιΙν
829 3793 988 3849 κατάποσιν
1005 3792 1171 3849 κολακεύειν
1188 3789 1328 3862 μειζόνως
1345 3823 1379 3833 -
1399 3793 1436 3849 18
1454 3794 1511 3863 vgl.
1529 3793 1585 3846 Mu-

279 3875 371 3931 sonius
389 3893 413 3929 ε..
427 3891 451 3928 ε.
464 3873 495 3928 Ο.
507 3875 548 3940 18,
561 3876 594 3930 38
606 3875 688 3930 Mein.
702 3879 735 3948 (p.
749 3879 807 3944 528,
825 3879 849 3932 2.
862 3879 878 3933 3
890 3877 990 3946 Hense)
1002 3876 1138 3948 μάγειροι
1151 3876 1181 3934 δέ
1194 3881 1331 3949 γεωργῶν
1346 3870 1585 3950 περιοπουδαοτά·

278 3961 358 4032 τεροί
369 3957 438 4015 εἰσιν
451 3989 484 3998 —-
499 3960 554 4016 151
568 3961 622 4028 vgl.
637 3960 725 4032 [Just]
739 3963 788 4032 Ep.
807 3961 842 4016 ad
854 3962 916 4017 Zen.
935 3966 963 4017 01
974 3963 1029 4016 Ser.
1042 3965 1089 4026 13;
1107 3961 1264 4018 Wendland
1283 3963 1391 4028 Quaest.
1409 3962 1480 4016 Mus.
1498 3980 1523 4032 p.
1541 3961 1584 4022 47;

280 4045 312 4099 G.
330 4045 444 4115 Kriiger‚
464 4045 560 4099 Gesch.
579 4044 605 4098 d.
623 4046 767 4100 altchristl.
787 4046 839 4100 Lit.
856 4047 967 4101 Nachtr.
986 4047 1058 4102 818
1075 4077 1108 4085 -
1128 4047 1256 4119 171vgl.
1274 4048 1299 4101 II
1311 4048 1403 4102 Thess.
1422 4047 1446 4112 3,
1458 4049 1482 4103 6.
1503 4051 1542 4102 11.
1554 4047 1586 4101 14

279 4159 312 4168 -
332 4130 445 4188 18-28
463 4129 518 4199 vgl.
538 4129 626 4188 IKor.
645 4134 685 4202 10,
698 4133 738 4186 27.
751 4133 784 4188 25
802 4161 834 4170 -
855 4131 921 4187 241
936 4131 1317 4203 vgl.Isid.Pelus.Ep.1361
1331 4161 1364 4172 -
1377 4131 1477 4189 25-8.
1491 4131 1555 4200 181,
1569 4130 1582 4184 1

280 4215 355 4270 Rom.
369 4217 409 4282 14,
422 4217 475 4272 3.6

365 4331 383 4387 2
402 4327 544 4404 άρχοντας
561 4333 596 4387 1²
613 4329 750 4406 άρχοντες
767 4335 858 4388 Ρ1“*Μ
873 4334 877 4400 Ι
893 4334 913 4389 9
931 4332 1123 4402 πιαινομένων
1143 4335 1174 4390 81
1191 4330 1378 4404 πιαινόμενον
1398 4335 1420 4390 Ρ
1443 4332 1583 4402 πιαινομέ·

280 4433 346 4480 νους
372 4416 411 4470 Ρο
435 4417 439 4478 Ι
468 4415 541 4486 <dap
568 4418 685 4489 θανάτῳ
716 4418 794 4473 Schw
818 4419 822 4480 Ι
847 4419 883 4473 11
903 4414 1100 4484 διωκαθόντας
1121 4420 1157 4474 Di
1178 4416 1334 4486 διώκοντας
1351 4421 1384 4474 F¹
1411 4437 1457 4474 am
1483 4419 1582 4487 Randl

283 4501 320 4555 12
333 4501 423 4568 ζωήν]
441 4504 551 4570 τροφὴν
564 4502 610 4555 Wi
625 4505 629 4570 Ι
646 4504 684 4561 25
704 4501 801 4572 ὀλίγον
819 4503 845 4572 (ν
862 4503 891 4556 in
904 4501 976 4571 Ras.)
994 4505 1027 4557 P¹
1043 4505 1048 4572 Ι
1064 4505 1129 4560 281
1145 4502 1161 4558 ὁ
1181 4499 1296 4574 ἐσθίων]
1309 4501 1380 4560 ἀλλὰ
1392 4506 1442 4560 καί
1453 4501 1470 4560 ὁ
1483 4501 1585 4561 ἐσθίων

282 4583 368 4654 φασίν
386 4584 427 4638 als
445 4585 577 4639 variante
595 4603 640 4639 am
658 4587 737 4641 Rand
755 4589 790 4639 P²
808 4587 888 4656 (jetzt
905 4587 1023 4658 gebilgt),
1042 4587 1070 4640 M
