3586 5466
615 449 799 520 Protrephious
818 451 881 519 Cap.
900 450 920 504 1.
939 450 963 514 7,
974 451 1049 516 4-9,
1062 449 1086 503 5.
1492 455 1510 514 9

198 610 337 702 χάριτος
346 619 401 682 καί
412 608 535 700 φόβου·
545 610 815 700 ἐάνῦπακοῦσης,
825 610 868 684 τὸ
882 617 966 698 φῶς,
975 609 1035 682 ἐάν
1045 610 1271 700 παρακοῦσης,
1284 611 1323 682 τὸ
1334 617 1411 697 πῦρ.
1426 615 1512 681 ἐπει-

200 712 241 802 δὴ
251 719 287 783 δὲ
297 719 544 794 καὶκίονοςκαὶ
554 708 692 801 βάτουή
704 712 787 799 σάρξ
801 718 994 800 τιμιωτέρα,
1010 718 1186 799 προφῆται
1200 706 1273 801 μετ’
1288 717 1397 784 ἐκεῖνα
1408 717 1512 800 φθέγ-

200 841 328 901 γονται,
337 810 440 894 αὐτὸς
449 817 487 884 ἐν
496 807 609 902 Ἠσαίᾳ
619 806 638 882 ὁ
648 809 896 900 κόριοςλαλοῦν,
908 807 1010 892 αὐτὸς
1021 815 1059 881 ἐν
1068 805 1174 900 Ἠλίᾳ,
1184 816 1222 882 ἐν
1232 808 1512 899 στόματιπροφη-

199 919 273 983 τῶν
288 908 402 994 αῦτός·
422 911 462 982 οῦ
477 917 512 982 δέ
522 907 596 984 ἄλλ’
607 917 635 982 εἰ
645 907 839 1001 προφήταις
853 909 1090 1000 μήπιστεῦεις,
1100 917 1213 999 μῦθον
1223 907 1251 980 δ’
1262 907 1510 997 ὑπολαμβάνεις
1527 924 1545 974 4

165 1019 254 1082 ὅκαὶ
284 1010 365 1093 τοῦς
395 1010 520 1100 ἄνδρας
549 1009 669 1080 καὶτὸ
699 1015 780 1097 πῦρ,
811 1008 915 1093 αῦτός
945 1035 998 1082 σοι
1029 1006 1207 1097 λαλῆσειὸ
1237 1008 1361 1098 κῦριος,
1396 1004 1451 1089 »ῦς
1474 1014 1511 1080 ἐν

199 1119 314 1203 μορφῇ
336 1108 464 1182 θεοῦ(
443 1108 607 1199 υπάρχων
629 1105 689 1197 οῦχ
711 1103 890 1198 ἁρπαγμὸν
911 1105 1062 1199 ήγῆσατο
1085 1109 1127 1180 τὸ
1150 1112 1235 1181 εἶναι
1258 1113 1311 1180 ίσα
1333 1115 1420 1198 θεῷ·
1445 1113 1511 1180 έκί

201 1235 311 1284 νωσεν
341 1211 418 1280 66‘
407 1208 547 1281 εαυτόνι
572 1204 592 1279 ὁ
615 1217 865 1298 φιλοικτίρμων
895 1205 986 1293 θεός,
1018 1217 1125 1280 σῶσαι
1146 1209 1210 1282 τὸν
1232 1209 1424 1297 ἄνθρωπον
1446 1217 1512 1296 γλι-

196 1307 354 1398 χόμενος·
396 1315 452 1380 κάλ
484 1303 587 1390 αῦτὸς
617 1305 681 1428 ήδη
703 1316 756 1380 σοὶ
778 1305 970 1396 ἐναργῶς
952 1339 971 1380 ο
994 1305 1096 1432 λόγος
1119 1321 1220 1392 λαλεῖ,
1254 1316 1425 1380 δυσωπῶν
1448 1308 1512 1397 τήν

200 1407 368 1493 ἀπιστίαν,
400 1416 456 1478 ναί
486 1435 581 1497 φημι,
613 1403 633 1478 ὁ
665 1404 765 1496 λόγος
787 1403 806 1478 6
828 1415 892 1478 τοῦ
923 1416 1007 1479 θεοῦ
1029 1408 1216 1496 ἄνθρωπος
1238 1405 1426 1498 γενόμενος,
1458 1413 1513 1479 ίνα

147 1527 181 1580 10
200 1507 240 1597 δή
267 1514 323 1579 καί
353 1507 393 1578 οὐ
414 1506 505 1595 παρά
528 1503 719 1594 ἀνθρώπου
739 1504 865 1594 μάθης,
896 1515 944 1596 πῆ
967 1535 1053 1579 ποτε
1075 1507 1140 1597 άρα
1162 1508 1352 1596 άνθρωπος
1374 1514 1513 1598 γίνηται

200 1605 288 1691 θεός.
332 1605 392 1678 εἶτ’
417 1604 478 1728 οῦκ
502 1605 644 1689 ἄτοπον,
668 1597 696 1676 ιῦ
721 1612 826 1692 φίλοι,
849 1605 994 1692 τὸνμὲν
1015 1605 1101 1677 θεὸν
1122 1605 1172 1678 άεὶ
1199 1605 1447 1697 προτρέπειν(
1427 1615 1512 1728 ημῦς
1530 1629 1581 1694 9,1

199 1703 295 1778 ἐπΗ
275 1705 410 1796 αρετήν,
432 1703 518 1796 ῆμᾶς
540 1709 575 1774 δὲ
598 1701 802 1776 ἀναδύεσθαι
825 1704 889 1794 τῆν
912 1703 1081 1793 ω’φέλειαν
1103 1713 1159 1776 καὶ
1182 1703 1431 1790 ἀναβάλλεσθαι
1448 1709 1512 1796 τῆν

199 1815 387 1896 σωτηρίαν,·
416 1797 436 1894 6
467 1803 529 1926 γάρ
561 1801 634 1893 οῦχὶ
656 1810 711 1874 καί
733 1800 890 1894 Ἰωάννης
913 1811 969 1876 ἐπὶ
991 1813 1163 1895 σωτηρίαν
1184 1819 1373 1928 παρακαλεῖ
1392 1813 1447 1877 καὶ
1470 1805 1511 1878 τὸ

198 1912 269 1978 πᾶν
284 1913 412 1994 γίνεται
428 1904 530 1993 φωνὴ
545 1902 796 1993 προτρεπτικῆ;
816 1905 1011 1993 πυθοίμεθα
1027 1914 1146 1978 τοίνυν
1169 1902 1286 1976 αὐτοῦ·
1317 1914 1386 1989 »τίς
1400 1903 1511 1977 πόθεν

145 2023 182 2077 15
200 2007 246 2088 είς
268 2002 434 2094 άνδρῶνμ
458 2000 570 2085 Ἠλίας
593 2010 653 2092 μέν
676 2000 738 2076 οῦκ
753 2008 830 2091 ἐρεῖ,
855 2002 1002 2093 Χριστός
1024 2010 1060 2075 δε
1082 2007 1168 2076 εἶναι
1191 2003 1385 2094 ἀρνήσεται
1410 2004 1510 2094 φωνὴ

200 2111 235 2178 δὲ
257 2099 520 2194 ὁμολογήσειέν
546 2100 659 2192 ἐρήμῳ
683 2111 805 2186 βοῶσα
847 2110 899 2186 τίς
930 2107 992 2176 οῦν
1022 2105 1114 2176 ἔστιν
1135 2101 1317 2276 Ἰωάννης
1335 2103 1383 2188 οός
1413 2103 1511 2194 τόπῳ

200 2214 323 2290 λαβεῖν,
347 2209 471 2291 ἐξέστω
496 2209 611 2286 εἰπεῖν,
635 2203 737 2291 φωνή
761 2201 944 2292 τοῦλόγου
959 2204 1245 2295 προτρεπτικῆέν
1260 2203 1372 2326 ἐρήμῳ
1388 2176 1511 2288 βοῶσά.

200 2311 234 2374 τί
254 2309 345 2397 βοᾷς,
368 2295 398 2375 6
422 2301 539 2392 φωνή·
561 2305 651 2372 »είπέ
636 2307 728 2373 ἐκαὶ
750 2299 855 2392 ἡμῖν(
904 2301 1069 2387 »Εὐθείας
1099 2323 1229 2377 ποιεῖτε
1251 2304 1312 2387 τάς
1335 2301 1435 2387 ὁδοὺς
1456 2333 1511 2372 κο

200 2411 300 2490 ρίου(
322 2412 327 2492 Ι
346 2399 540 2493 πρόδρομος
554 2399 710 2490 Ἰωάννης
730 2409 786 2471 καὶ
809 2399 830 2491 6
852 2403 950 2492 φωνὴ
972 2402 1168 2493 πρόδρομος
1190 2411 1253 2476 τοῦ
1268 2401 1386 2494 λόγου,
1410 2409 1510 2494 φωνὴ
1528 2419 1545 2470 4
1563 2417 1580 2470 S
1598 2413 1614 2465 2

144 2517 182 2572 20
199 2501 445 2594 παρακλητική,
476 2499 769 2592 προετοιμάζουσα
799 2507 845 2584 είς
867 2511 1049 2592 σωτηρίαν,
1081 2503 1182 2594 φωνὴ
1204 2511 1443 2594 προτρέπουσα
1465 2510 1511 2585 είς

198 2609 428 2721 κληρονομίαν
449 2598 621 2691 οῦρανιῦν·
665 2596 752 2670 δι’“
730 2631 773 2692 ην
803 2632 824 2691 η
848 2624 962 2691 στεῖρα
983 2610 1038 2673 καὶ
1062 2605 1183 2692 ἔρημος
1210 2603 1263 2690 Ι
1242 2632 1364 2692 αγονος
1387 2600 1510 2676 οῦκέτι.
1527 2619 1582 2672 9Ρ

198 2698 329 2823 ταύτην
348 2728 405 2788 μοι
426 2700 492 2790 τῆν
512 2708 703 2790 κυοφορίαν
725 2708 970 2788 προεθέσπισεν
992 2699 1136 2791 άγγέλου
1158 2700 1272 2792 φωνή·
1315 2700 1510 2792 πρόδρομος

197 2801 240 2887 ῆν
261 2796 400 2889 κάκείνη
421 2807 485 2872 τοῦ
506 2808 632 2886 κυρίου,
655 2820 792 2890 στεῖραν
814 2798 1089 2892 εῦαγγελιζομίνη
1112 2822 1261 2890 γυναῖκα,
1284 2833 1332 2885 ως
1353 2799 1511 2890 Ἰωάννης

198 2897 263 3020 τήν
293 2903 424 2989 ἐρῆμον.
471 2899 526 2970 διά
557 2897 687 2989 ταύτην
718 2906 836 2972 τοίνυν
866 2906 929 2971 τοῦ
961 2896 1065 2989 λόγου
1095 2901 1160 2990 τὴν
1190 2901 1313 2990 φωνὴν
1343 2898 1363 2991 6
1395 2920 1544 2989 στεῖρα3

143 3015 180 3069 25
198 2994 349 3070 εάτεκνεῖ
367 2995 466 3070 καὶ(
445 3028 466 3088 η
489 3003 610 3088 ἐρημος
631 3019 857 3090 καρποφορεῖ·
902 3001 934 3070 ai
956 2997 1144 3088 πρόδρομοι
1175 3006 1238 3070 τοῦ
1259 3008 1378 3087 κυρίου
1399 3009 1511 3087 φωναὶ

198 3096 268 3184 δῦο,
291 3094 432 3186 άγγέλου
453 3104 509 3168 καί
530 3095 699 3182 Ἰωάννου,
723 3104 931 3169 αίνίσσονταί
953 3127 1009 3188 μοι
1031 3099 1095 3189 τήν
1117 3103 1381 3188 ἐναποκειμένην
1402 3122 1510 3187 σωτη-

198 3205 284 3287 ρίαν,
307 3229 355 3280 ως
377 3203 605 3286 ἐπιφανέντος
635 3204 699 3268 τοῦ
725 3193 831 3287 λόγου
854 3204 954 3270 τοῦδε
976 3195 1187 3280 εάτεκνίας“
1169 3205 1255 3287 ημᾶς
1275 3197 1410 3287 καρπὸν
1431 3195 1510 3270 άπε-

199 3303 443 3385 νέγκασθαι,ζ
426 3296 519 3388 ζωὴν
540 3294 659 3370 άίδιον
704 3297 807 3386 άμφω
838 3303 921 3386 γοῦν
943 3301 977 3380 ἐς
1000 3294 1128 3369 ταῦτὸν
1150 3294 1321 3387 άγαγοῦσα
1344 3299 1387 3370 τά
1409 3298 1543 3386 φωνά4

199 3393 219 3485 6
250 3395 362 3485 γραφῆ
392 3403 568 3486 σαφηνίζει
599 3395 639 3467 τὸ
670 3403 753 3469 πᾶν·
800 3393 997 3469 »άκουσάτω
1030 3394 1050 3485 6
1081 3394 1122 3469 06
1153 3407 1328 3469 τίκτουσα·
1372 3395 1509 3488 ῥηξάτω

141 3509 180 3564 30
198 3493 319 3585 φωνήν
341 3494 362 3585 ῆ
385 3492 447 3568 οῦκ
470 3489 695 3615 ω’δίνουσα,(Ι
677 3526 731 3568 οτι
752 3505 896 3568 πλείονα
917 3496 960 3570 τά
984 3502 1086 3570 τέκνα
1107 3502 1168 3584 τῆς
1189 3494 1315 3587 ἐρήμου
1335 3503 1467 3587 μᾶλλον
1489 3494 1511 3586 6

199 3601 259 3684 τῆς
281 3594 417 3685 ἐχούσης
444 3594 507 3666 τὸν
529 3595 662 3680 ἄνδρα(
707 3593 787 3686 ήμῖν
810 3593 1038 3716 εὐηγγελίζετο
1061 3595 1210 3716 άηγελος.
1243 3592 1328 3686 ἡμᾶς
1349 3589 1510 3686 προῦτρε-

197 3721 262 3764 πεν
282 3691 441 3784 Ἰωάννης
472 3720 596 3815 νοησαι
622 3693 685 3766 τόν
707 3694 867 3783 γεωργόν,
900 3702 1038 3786 ζητῆσαι
1061 3696 1124 3767 τὸν
1146 3695 1259 3784 ἄνδρα.
1303 3695 1406 3776 εἷς
1370 3724 1433 3816 γαη
1456 3705 1510 3768 καὶ
1528 3715 1545 3766 5

200 3787 346 3876 ὁαῦτὸς
369 3785 480 3878 οὗτος,
513 3790 615 3882 ὁτῆς
648 3803 779 3882 στείρας
801 3791 896 3886 άνήρ,
929 3791 1031 3884 ὁτῆς
1061 3793 1186 3886 ἐρήμου
1216 3792 1376 3883 γεωργός,
1408 3791 1511 3914 ὁτῆς

199 3897 297 3975 θείας
314 3889 486 3982 ἐμπλήσας
508 3891 682 3983 δυνάμεως
703 3893 819 3965 καί
782 3923 846 4017 την
868 3913 1004 3984 στεῖραν
1026 3901 1081 3966 καὶ
1104 3895 1169 3984 τῆν
1192 3899 1324 3984 ἔρημον.
1356 3896 1485 3965 ἐπεὶ
1449 3923 1512 3983 γαρ

142 4005 179 4059 35
197 3991 311 4063 πολλά
330 3991 373 4063 τά
396 3999 498 4064 τέκνα
521 3998 581 4081 τῆς
604 3989 770 4081 εὐγενοῦς,
793 3992 895 4076 άπαις
921 3997 994 4064 66'
979 4022 1021 4083 ην
1044 3992 1098 4066 διά
1114 3989 1327 4066 άπείθειαν
1307 4025 1327 4083 η
1343 3993 1513 4074 πολῦπαις

286 4161 1513 4234 5-2Ph11266—14126110515661606620-03181210—

202 4245 264 4302 181
280 4245 335 4315 vgl.
353 4247 407 4300 δεε.
424 4247 495 4311 40,3
513 4245 623 4315 (Matth.
636 4247 702 4312 3,3;
720 4248 805 4302 Marc.
824 4253 847 4310 1,
861 4253 889 4310 3;
908 4249 976 4302 Luk.
994 4253 1024 4312 3,
1042 4254 1071 4312 43
1090 4249 1151 4304 Joh.
1170 4253 1193 4314 1,
1212 4251 1255 4316 23)
1273 4279 1306 4289 -
1326 4251 1363 4305 ⁴21
1383 4250 1438 4319 vgl.
1459 4250 1512 4304 Jes.

199 4330 1196 4400 ῦ4,1;(Μέλλ-221ν31.Ιιυ1ῐ.1,13*29-81δοε.54,1

284 4455 304 4510 4
323 4455 466 4522 πιστεύεις
483 4457 525 4510 Μ2
542 4454 674 4526 πιοτείης
691 4456 760 4510 ΡΜ*
775 4457 780 4524 Ι
797 4459 835 4512 1ίέ
854 4455 870 4527 ῆ
888 4459 956 4512 ΡἯ
973 4457 991 4526 6
1008 4457 1044 4512 1³³
1058 4461 1063 4528 Ι
1079 4460 1116 4515 θῙ
1136 4459 1203 4529 ἡμῖν
1221 4459 1257 4512 P*
1275 4455 1366 4532 ἄνδρα
1384 4463 1425 4525 ΙΙ-
1445 4461 1513 4516 iiber

199 4539 419 4696 δπάΖλΙαιημὲηὴίε
441 4543 446 4609 Ι
472 4541 574 4598 84-8.
594 4543 640 4606 10,
662 4542 677 4597 1
698 4541 773 4610 ΙγάρΙ
794 4583 799 4596 .
819 4581 824 4594 .
844 4582 850 4595 .
869 4549 918 4610 τῆς
936 4541 1055 4613 ἅγενοῦς
1069 4585 1074 4596 .
1088 4586 1093 4597 .
1108 4545 1143 4613 ,η
1163 4551 1261 4615 στεῖρα
1280 4543 1363 4616 (γὰρΙ
1375 4545 1420 4597 Ma
1435 4547 1439 4611 Ι
1454 4543 1510 4614 γάρ
