3520 5480
914 399 1048 454 Clemens.

415 571 460 644 17,
485 573 502 631 5
526 570 678 650 σησαμαῖ]
703 565 773 650 εἴδη
795 559 992 651 πεμμάτων.
1015 566 1076 630 ΡΜ

413 672 459 742 17,
483 671 502 732 6
524 659 682 747 τολύπαι]
706 660 854 732 τολύπαι
875 665 978 750 ἐρίοον
999 663 1168 750 ἑλίγματα.
1191 666 1252 730 PM
1739 747 1740 760 χ

409 757 551 831 πόπανα
566 765 721 850 πέμματα
737 767 1019 851 πλακουντοειδή,
1035 766 1211 850 περιφερῆ,
1234 753 1408 849 ὀμφαλοὺς
1423 763 1557 848 ἔχοντα.
1579 766 1640 831 ΡΜ
1739 809 1740 812 =

415 871 460 942 17,
483 872 500 930 7
525 857 715 950 Βασσάρου]
739 857 887 948 βασσόρα
909 868 1041 950 λέγεται
1063 862 1187 950 ἔνδυμα
1209 855 1379 947 βακχικόν.
1399 863 1461 928 ΡΜ

292 973 308 1025 5
413 970 458 1042 17,
481 969 499 1030 8
523 967 639 1046 ψθοῑς]
664 957 769 1046 φθόις
791 967 1009 1042 πλακοῦντος
1032 961 1126 1044 είδος,
1150 955 1192 1030 όν
1214 966 1478 1046 συναλείφοντες
1493 955 1639 1030 Ἀττικοὶ

329 1069 435 1146 φθοῖς
457 1065 628 1130 καλοῦσιν.
650 1063 711 1128 ΡΜ

412 1169 458 1242 17,
483 1169 521 1230 16
540 1154 681 1249 Ἴακχον]
706 1157 768 1230 τόν
790 1155 1021 1247 καταχθόνιον
1043 1157 1217 1231 Διόνυσον.
1239 1165 1300 1228 ΡΜ
1739 1217 1740 1230 ,

412 1268 458 1341 18,
480 1256 866 1347 41μηυογύρτηι],τόν
896 1261 986 1347 ἱερέα
1022 1264 1082 1348 τῆς
1103 1254 1190 1341 Ῥέας
1221 1251 1313 1328 ούτσο
1343 1265 1506 1329 καλοῦσιν
1536 1287 1636 1348 μηνα-
1739 1247 1740 1322 3

326 1355 461 1445 γύρτην.
504 1355 716 1446 μηναγύρται
747 1364 782 1429 δὲ
812 1361 844 1430 οί
874 1361 971 1446 ἱερεῖς
1002 1365 1064 1448 τῆς
1085 1352 1171 1440 Ῥέας
1198 1350 1292 1431 σύτο)
1314 1357 1636 1446 προσαγορεύονται,
1739 1399 1740 1426 ι

275 1477 309 1532 10
326 1450 380 1528 ότι
406 1455 493 1526 κατὰ
523 1462 612 1546 μῆνα
640 1455 774 1546 ἤγειρον
804 1466 858 1528 καὶ
890 1454 1055 1546 ἤθροιζον
1080 1456 1233 1548 χρήματα
1256 1463 1497 1546 μεταιτοῦντες
1520 1456 1636 1546 κώμας

325 1562 381 1624 καὶ
402 1551 520 1636 πόλεις
541 1561 596 1626 καὶ
619 1561 727 1640 οἰκίας
748 1564 1043 1646 περινοστοῦντες,
1071 1565 1127 1629 καί
1148 1561 1203 1629 έπὶ
1226 1563 1299 1626 τῶν
1323 1553 1427 1644 ὤμων
1450 1553 1634 1643 βαστάζον-
1739 1637 1740 1640 ¹

326 1682 380 1736 τες
404 1653 447 1724 τά
471 1659 605 1726 εἴδωλα·
637 1659 668 1728 οἱ
699 1657 797 1728 αύτοί
819 1650 917 1740 ὄντες
946 1663 1000 1727 καί
1029 1655 1268 1747 μητραγύρται,
1300 1654 1388 1728 διότι
1420 1657 1485 1744 τὴν
1509 1662 1635 1746 μητέρα
1739 1703 1740 1740 5

326 1759 399 1825 τῶν
429 1761 524 1825 θεῶν
554 1754 618 1845 τήν
644 1748 735 1828 Ῥέαν
769 1755 993 1844 βαστάζοντες
1024 1753 1080 1828 ἐπ’
1113 1753 1218 1846 ὤμων
1249 1753 1417 1844 συλλογήν
1449 1754 1636 1846 χρημάτων
1739 1757 1740 1832 ]

325 1857 471 1925 ἐποίουν.
494 1861 556 1925 ΡΜ

274 1966 307 2018 15
412 1964 456 2038 18,
479 1961 526 2027 61
544 1964 684 2043 θηλείας
706 1998 746 2008 -
770 1952 882 2042 νόσου]
908 1954 1052 2045 θήλειαν
1075 1953 1179 2028 νόσον
1201 1955 1292 2044 οἶμαι
1319 1953 1383 2044 τήν
1406 1963 1559 2042 γυναιξὶν
1581 1950 1634 2043 άρ-
1739 1963 1740 1966 ’

324 2051 493 2143 μόζουσαν
516 2061 612 2142 λέγει,
635 2051 711 2143 ἥτις
733 2052 840 2144 ήδονή
863 2060 964 2136 ἐστιν,
989 2052 1037 2138 σός
1053 2055 1114 2137 τὰς
1137 2061 1211 2126 τῶν
1232 2060 1466 2142 στερροτέραν
1480 2061 1537 2124 καὶ
1556 2083 1632 2142 καρ-

326 2151 528 2242 τεροψύχοιν
546 2159 683 2242 καρδίας
703 2162 872 2243 χαυνοῦσα
894 2163 949 2226 καὶ
972 2154 1214 2243 ἐκθηλύνουσα.
1237 2157 1288 2222 Μ3
1618 2243 1629 2252 ·

410 2263 456 2336 18,
480 2263 498 2325 8
521 2248 705 2341 Εύήμερον]
730 2246 831 2338 οὗτός
854 2259 946 2326 ἐστιν
961 2250 980 2326 ό
997 2251 1175 2342 Εὐήμερος,
1199 2245 1239 2322 όν
1262 2279 1352 2333 τινες
1367 2248 1571 2340 Μεσσήνιον,
1592 2253 1631 2322 ού

323 2357 488 2440 μέμνηται
511 2346 529 2422 δ
553 2359 764 2442 Καλλίμαχος
786 2359 824 2426 ἐν
846 2374 918 2436 τοῖς
940 2351 1142 2443 χαιλιάμβοις
1165 2357 1277 2440 λέγων

272 2521 306 2575 20
646 2492 757 2575 γε’ροιν
779 2481 917 2572 άλαζών
940 2487 1038 2558 ἄδικα
1055 2494 1164 2572 βιβλία
1185 2483 1297 2572 ψύχει·

323 2611 360 2700 ὃς
383 2614 577 2703 διεβάλλετο
601 2615 648 2700 οίς
671 2617 782 2700 ἄθεος.
824 2615 982 2708 Ἀκράγας
1004 2627 1160 2700 Σικελίας
1181 2625 1237 2688 καί
1260 2611 1338 2706 όρος
1360 2625 1414 2686 καὶ
1429 2615 1531 2699 πόλις
1543 2613 1628 2707 όμοό-

323 2746 436 2806 νυμος.
458 2722 520 2787 ΡΜ

408 2827 454 2903 18,
477 2828 496 2889 9
520 2812 697 2906 Διαγόραν]
721 2816 883 2906 Διαγόρας
913 2817 1115 2904 φιλόσοφος·
1136 2821 1276 2906 ἐγένετο,
1308 2814 1440 2905 Μήλιος
1462 2822 1514 2904 τῷ
1536 2823 1630 2905 γένει,

322 2911 359 3000 ός
381 2923 416 3004 ἐξ
437 2913 521 3006 άρχῑ
523 2948 539 2999 ς
561 2913 695 3006 εύσεβὴς
718 2909 769 2988 ὢν
791 2909 934 3004 ύστερον
955 2924 1001 2999 είς
1023 2913 1199 3004 ἀθεότητα
1221 2911 1351 3006 ἐτράπη
1378 2912 1447 2987 άπὸ
1470 2914 1632 3005 τοιαύτης

270 3036 303 3088 25
323 3023 443 3100 αἰτίας·
464 3015 963 3106 παρακαταθήκηνπιστεύσας,
986 3013 1485 3104 άρνησαμένουτοῦλαβόντος,
1509 3019 1630 3104 ἔφησεν

320 3114 365 3204 μή
388 3119 518 3206 έφορᾶν
550 3115 590 3187 τό
623 3135 782 3205 κρεῖττον
813 3115 856 3186 τά
878 3113 1096 3205 ἀνθρώπινα
1138 3114 1182 3204 μή
1205 3114 1267 3204 γάρ
1290 3113 1333 3186 ἓν
1354 3111 1534 3202 ἀνέχεσθαι
1556 3121 1629 3184 τῶν

322 3210 414 3286 ούτεο
437 3222 562 3286 κακῶν.
606 3214 734 3287 τούτου
754 3221 918 3305 μέμνηται
936 3210 1221 3304 Ἀριστοφάνης(
1202 3243 1220 3284 ο
1243 3213 1401 3335 κωμικὸς
1413 3211 1526 3298 ένοίς
1548 3237 1629 3304 φησι

321 3312 490 3404 Σωκράτη
506 3315 570 3387 τόν
585 3313 720 3404 Μήλιον
735 3311 812 3386 άντὶ
834 3345 898 3386 του
883 3321 1026 3386 ἐἰπεῖν
1049 3313 1228 3405 Διαγόραν·
1252 3343 1313 3386 του
1299 3308 1395 3384 δὲ(
1394 3312 1559 3396 Ἰππωνος
1573 3320 1627 3384 καί

321 3409 428 3483 αύτοῦ
451 3443 500 3495 αις
522 3410 661 3500 άσεβοῦς
683 3421 866 3503 γενομένου
886 3421 1051 3504 μεμνηται
1073 3410 1092 3486 ό
1118 3421 1292 3500 Κρατῖνος.
1314 3419 1376 3484 ΡΜ

270 3531 303 3585 30
408 3524 458 3594 19,
484 3523 502 3584 8
534 3508 627 3596 όστις
656 3510 741 3585 ποτ’
772 3515 803 3584 εἰ
831 3512 879 3600 σύ]
912 3512 997 3604 πρὸς
1028 3512 1092 3585 τόν
1122 3512 1259 3584 τούτων
1291 3509 1455 3584 ἁπάντων
1487 3519 1628 3602 συνοχέα

320 3617 435 3700 τρέπει
466 3610 529 3683 τόν
560 3613 665 3702 λόγον
696 3621 752 3684 καί
778 3639 894 3703 φησιν·
937 3623 989 3696 τίς
1012 3612 1076 3700 ἄρα
1100 3613 1129 3684 εί
1149 3611 1200 3696 σύ,
1230 3605 1286 3684 ότι
1311 3618 1366 3682 καὶ
1389 3613 1629 3701 δυσθεώρητος

321 3711 363 3792 εί;
385 3717 491 3784 τοῦτο
514 3711 578 3802 γάρ
601 3718 699 3801 δηλοῖ
719 3711 760 3784 τὸ
783 3709 1016 3795 δυστόπαστος
1047 3719 1083 3784 ἐκ
1106 3719 1169 3784 τοῦ
1191 3710 1332 3799 τοπάζω
1354 3709 1461 3802 ἧγουν
1482 3707 1631 3800 ύπολαμ-

319 3808 422 3896 βάνατ.
445 3818 495 3881 Μ3

406 4052 446 4106 20
464 4049 652 4104 Κοίίίιυυαίτυε
664 4049 706 4103 Fr.
719 4051 753 4105 86
765 4049 926 4112 Schneider;
944 4048 1000 4117 vgl.
1012 4049 1155 4118 Nemethy,
1173 4047 1319 4104 Euhemeri
1331 4049 1399 4106 Rell.
1412 4049 1553 4120 Budapesb
1565 4051 1630 4106 1889

320 4152 344 4205 p.
364 4137 405 4190 37.
424 4137 456 4188 73
465 4153 504 4204 sq.
523 4163 556 4173 -
575 4135 610 4190 27
632 4134 688 4204 vgl.
707 4134 847 4204 Arisssoph.
865 4134 935 4189 Nub.
953 4135 1005 4190 860
1030 4165 1063 4173 -
1091 4135 1155 4190 281
1178 4135 1234 4204 vgl.
1253 4134 1384 4188 Kratinus
1402 4134 1444 4189 Fr.
1462 4137 1512 4189 155
1531 4133 1628 4190 CAFI

320 4238 345 4290 p.
364 4223 395 4276 61
420 4219 486 4290 (ng.
505 4220 575 4273 auch
595 4219 661 4273 CAF
679 4219 718 4273 III
736 4237 764 4290 p.
783 4222 856 4287 713);
874 4219 957 4287 Diels,
977 4217 1104 4273 Vonokr.
1124 4217 1149 4271 S.
1168 4219 1219 4275 232
1235 4219 1286 4288 (26.
1299 4223 1332 4272 A.
1351 4221 1377 4288 2]

405 4421 424 4476 5
443 4420 529 4490 φθόις
547 4420 712 4474 PoorrMcorr
731 4423 817 4491 φθοῖς
834 4420 919 4474 Ρ*Μ*
944 4421 949 4488 ]
973 4413 1007 4475 δν
1025 4419 1064 4472 Ρ*
1083 4413 1099 4474 δ’
1118 4419 1298 4486 1210511112
1325 4417 1521 4489 μητραγύρται
1540 4421 1582 4492 (τρ
1599 4419 1627 4472 in

319 4506 392 4571 Rae.)
411 4506 446 4558 1³²
461 4507 465 4572 Ι
480 4506 550 4561 διότι
563 4506 598 4560 Di
617 4504 662 4560 διὰ
680 4503 714 4560 τό
727 4505 778 4558 ΡΜ
794 4509 798 4574 Ι
815 4507 855 4560 20
872 4503 956 4574 ψύχει
969 4505 1020 4558 ΡΜ
1033 4503 1105 4557 Ρίυί.
1119 4503 1186 4558 Mor.
1200 4521 1225 4573 p.
1237 4504 1288 4560 880
1300 4502 1336 4566 Ε;
1355 4505 1427 4560 Sext.
1445 4505 1523 4576 Emp.
1542 4503 1626 4558 Math.

319 4589 356 4642 IX
376 4593 420 4650 5ος
441 4593 525 4660 ψήχει
544 4591 679 4659 Bentley!
696 4592 733 4646 21
753 4587 897 4662 διεβάλετο
916 4590 951 4642 1³³
