3520 5480
298 449 359 512 262
885 441 1019 498 Clemens.

299 609 493 692 φιλοδοξίας
516 603 580 694 τήν
602 599 685 678 όδόν
706 611 762 675 καί
785 603 827 676 τό
848 607 1004 678 ἔπαθλον
1025 607 1111 677 ἰδῶν
1129 604 1194 678 τὸν
1207 605 1276 696 πρὸ
1291 603 1399 678 αύτοῦ
1413 603 1610 696 ἀγωνιστὴν

298 701 472 794 εἰληφότα,
504 703 565 778 ούκ
587 707 642 776 ἐπὶ
665 703 728 777 τὸν
750 711 922 791 στέφανον
944 709 1029 777 δεται
1049 715 1106 778 καί
1137 703 1249 788 αύτός,
1279 705 1484 796 μιμούμενος
1512 712 1517 795 Ι
1545 707 1608 778 τὸν
1624 715 1700 769 28οΡ
1741 759 1742 814 χ

298 803 543 892 πρεσβύτερον,·
563 813 690 878 πολλαὶ
712 810 869 878 τοιαῦται
891 810 952 893 τῆς
974 812 1091 895 θεῖκῆς
1112 815 1233 892 σοφίας
1255 811 1289 877 αἰ
1312 803 1450 888 εἰκόνες·
1472 806 1551 890 ἑνὸς
1574 815 1637 880 δεῖ]

297 901 545 994 ύποδείγματος
575 901 812 993 μνησθήσομαι
840 913 896 977 καὶ
927 905 982 976 διὰ
1012 911 1163 994 βραχέων
1191 904 1446 996 παραθήσομαι·
1476 906 1520 978 τό
1542 917 1609 980 Σο-

260 1005 281 1076 '5
299 1008 450 1091 δομιτῶν
465 999 580 1086 πάθος
596 1013 703 1092 κρίσις
717 1009 779 1092 μέν
793 999 974 1094 ἀδικήσασι,
995 1011 1209 1094 παιδαγωγία
1224 1011 1259 1076 δὲ
1274 1003 1464 1078 ἀκούσασιν.
1495 1011 1529 1080 οἰ
1543 1016 1609 1080 Σο·
1624 1019 1682 1071 441

297 1107 431 1190 δομῖται
452 1101 519 1174 ύπό
542 1107 673 1192 πολλῆς
694 1109 825 1194 τρυφῆς
847 1107 1077 1188 ἐξοκείλαντες
1099 1112 1145 1188 εἰς
1176 1101 1358 1196 ἀσέλγειαν,
1389 1105 1610 1195 μοιχεύοντες

296 1209 358 1291 μὲν
380 1200 497 1287 ἀδεῶς,
528 1210 604 1291 περὶ
636 1201 679 1273 τά
700 1203 838 1274 παιδικά
861 1209 1016 1293 ἐκμανῶς
1038 1208 1255 1294 ἐπτοημένοι,
1288 1208 1417 1278 ἐπεῖδεν
1439 1203 1609 1290 αύτούςό

297 1299 544 1392 παντεπόπτης
566 1299 675 1391 λόγος,
707 1295 749 1372 ὃν
771 1297 832 1374 ούκ
855 1305 925 1374 ἔστι
947 1313 1069 1376 λαθεῖν
1090 1301 1211 1377 ἀνόσια
1232 1309 1396 1390 δρῶντας,
1427 1302 1507 1377 ούδὲ
1529 1311 1610 1395 ἐπη·

298 1411 438 1492 ρέμησεν
471 1409 512 1491 τῇ
542 1399 694 1494 ἀσελγείᾳ
725 1397 843 1473 αύτῶν
866 1398 884 1474 ό
908 1401 1080 1492 ἄγρυπνος
1101 1409 1163 1492 τῆς
1184 1398 1461 1492 ἀνθρωπότητος
1483 1404 1610 1493 φύλαξ·
1741 1419 1742 1460 1

245 1519 279 1574 10
296 1498 507 1590 ἀποτρέπων
537 1508 572 1575 δὲ
603 1499 688 1592 ἡμᾶς
714 1507 775 1590 τῆς
796 1499 964 1592 μιμήσεως
993 1509 1055 1592 τῆς
1082 1507 1230 1588 ἐκείνων,
1262 1502 1348 1591 πρὸς
1379 1504 1640 1596 σωφροσύνην2
1741 1553 1742 1578 α

297 1600 362 1692 τὴν
384 1599 490 1674 αύτοῦ
511 1607 746 1689 παιδαγωγῶν,
769 1604 857 1673 τίσιν
879 1621 951 1685 τοῖς
973 1598 1189 1691 ἀμαρτωλοῖς
1210 1602 1397 1687 ἐπιβολῶν,
1427 1601 1476 1686 ῶς
1497 1605 1544 1694 μή
1568 1607 1609 1678 τὸ
1741 1587 1742 1664 ί

296 1698 517 1791 ἀτιμῶρητον
540 1707 601 1789 τῆς
623 1697 805 1784 ἀκολασίας
819 1697 931 1784 ἀδείας
946 1701 1107 1792 ἐπιρροήν
1121 1699 1305 1790 προσλάβῃ,
1326 1711 1608 1794 καταφλεχθῆναι
1741 1705 1742 1770 ἰ

296 1809 481 1890 προσέταξε
504 1801 547 1872 τὰ
562 1795 710 1887 Σόδομα,
734 1795 851 1890 ὀλίγον
873 1831 907 1874 τι
929 1809 992 1875 τοῦ
1007 1807 1176 1890 φρονίμου
1196 1801 1304 1890 πυρὸς
1324 1805 1455 1873 ἐκείνου
1469 1807 1526 1875 ίπί
1542 1806 1609 1894 τήν
1741 1799 1742 1830 ’

296 1899 481 1973 ἀκολασίαν
508 1905 512 1987 Ι
540 1905 674 1988 ἐκχέων,
707 1896 755 1982 ῶς
785 1901 829 1990 μὴ
852 1898 1045 1974 ἀκόλαστον
1067 1897 1184 1974 αύτῶν
1206 1901 1248 1974 τὸ
1271 1899 1399 1991 λάγνον
1422 1901 1608 1994 γενόμενον
1626 1923 1700 1978 1038
1741 1973 1742 1976 ,

246 2017 279 2070 15
295 2009 458 2083 πλατείας
480 1997 674 2088 ἀναπετάσῃ
705 1997 878 2082 κλισιάδας
904 2021 978 2082 τοῖς
1000 2007 1046 2083 εἰς
1067 1997 1280 2090 ἡδυπάθειαν
1303 2008 1511 2091 φερομένοις.
1554 2011 1638 2094 γε’-3

296 2129 398 2190 γονεν
420 2107 539 2172 τοίνυν
560 2095 581 2189 ἡ
603 2104 811 2188 Σοδομιτῶν
841 2105 951 2172 δικαία
982 2107 1127 2190 τιμωρία
1149 2106 1211 2190 τῆς
1232 2097 1432 2190 εύλογίστου
1453 2121 1526 2186 τοῖς
1548 2103 1606 2176 ἀν·

295 2199 453 2288 θρῶποις
483 2207 651 2288 σωτηρίας
681 2199 797 2270 εἰκῶν·
842 2204 874 2272 οἰ
905 2200 967 2290 γὰρ
997 2200 1041 2290 μὴ
1065 2199 1107 2271 τά
1131 2193 1229 2288 όμοια
1251 2219 1323 2282 τοῖς
1344 2209 1607 2291 κεκολασμένοις

296 2295 550 2389 ἁμαρτήσαντας
579 2294 620 2368 ού
651 2299 715 2386 τήν
737 2293 859 2388 ὁμοίαν
884 2306 970 2370 ποτε
992 2319 1065 2382 τοῖς
1088 2295 1302 2388 ἀμαρτωλοῖς
1323 2296 1506 2388 ύπόσχοιεν
1529 2300 1604 2392 (ἂν)

297 2404 394 2487 δίκην
424 2404 475 2486 τῷ
506 2397 550 2487 μή
582 2391 743 2487 ἀμαρτεῖν
775 2396 816 2468 τό
848 2396 891 2488 μή
922 2410 1048 2470 παθεῖν
1070 2405 1330 2488 πεφυλαγμένοι.
1376 2405 1518 2471 »εἰδέναι
1540 2403 1637 2490 γὰρε
1741 2445 1742 2466 2

239 2513 278 2568 20
295 2495 409 2586 ύμᾶςι,
433 2503 536 2585 φησὶν
558 2490 723 2582 δ’ίούδας,
749 2496 938 2587 εβούλομαι,
961 2491 1016 2570 ότι
1038 2493 1057 2569 ύ
1080 2497 1161 2581 θεὸς
1183 2491 1273 2586 ἀπαξ
1294 2505 1331 2571 ἐκ
1350 2505 1410 2589 γῆς
1424 2499 1604 2590 Αἰγύπτου

296 2595 381 2670 λαὸν
403 2597 513 2679 σῶσας
536 2594 576 2666 τό
599 2594 758 2684 δεύτερον
779 2597 860 2680 τούς
881 2597 925 2688 μή
947 2597 1192 2680 πιστεύσαντας
1224 2594 1410 2682 ἀπώλεσεν,
1443 2595 1604 2689 ἀγγέλους

296 2725 332 2766 τε
362 2696 443 2780 τούς
472 2695 516 2786 μή
547 2691 761 2784 τηρήσαντας
783 2695 847 2784 τήν
869 2698 1002 2768 ἑαυτῶν
1024 2694 1144 2787 ἀρχήν,
1175 2696 1261 2769 ἀλλὰ
1294 2696 1531 2782 ἀπολιπόντας
1561 2700 1603 2772 τὸ

294 2801 382 2868 ίδιον
404 2793 601 2885 οἰκητήριον
623 2801 670 2878 εἰς
691 2803 801 2884 κρίσιν
822 2791 967 2886 μεγάλης
989 2791 1112 2886 ἡμέρας
1127 2802 1258 2885 δεσμοῖς
1275 2794 1395 2882 ἀιδίοις
1409 2795 1477 2870 ἀπὸ
1493 2795 1603 2886 ζόφον

295 2893 424 2986 ἀγρίων
447 2893 601 2985 ἀγγέλων
623 2893 835 2984 τετήρηκεν(
880 2895 1045 2967 καὶκατὰ
1067 2893 1189 2985 μικρὸν
1212 2898 1528 2970 διδασκαλικῶτατα
1549 2903 1601 2970 έκ-
1620 2917 1681 2978 45,1
1741 2975 1742 2982 ,

241 3013 276 3066 25
295 3005 430 3067 τίθεται
453 2995 514 3078 τὰς
536 2991 668 3076 εἰκόνας
692 3002 763 3065 τῶν
784 3001 1011 3084 κρινομένων·
1043 2999 1138 3067 »οὐαὶ
1161 2992 1284 3080 αὐτοῖς,
1307 2990 1363 3067 ότι
1386 3004 1430 3085 τῇ
1451 2992 1522 3086 όδῷ
1539 3003 1603 3070 τού
1741 2991 1742 2994 “

295 3093 382 3167 Κάιν
404 3095 641 3185 ἐπορεύθησαν
662 3101 717 3164 καὶ
739 3103 783 3184 τῇ
804 3091 920 3182 πλάνη
942 3101 1005 3165 τοῦ
1022 3093 1163 3185 Βαλαάμ
1179 3095 1383 3184 ἐξεχύθησαν
1403 3106 1460 3168 καὶ
1482 3104 1526 3186 τῇ
1546 3095 1603 3168 ἀν-

294 3203 427 3286 τιλογίᾳ
457 3202 519 3267 τοῦ
551 3199 640 3281 Κορὲ
670 3190 883 3267 ἀπῶλοντο.ι
932 3195 1014 3277 τούς
1044 3195 1106 3283 γάρ
1137 3195 1182 3285 μὴ
1214 3201 1419 3282 δυναμένους
1449 3200 1604 3282 ἐξουσίαν

293 3299 464 3376 υἱοθεσίας
496 3301 610 3383 φέρειν
633 3289 651 3366 ό
675 3290 781 3380 φόβος
802 3293 847 3382 μή
878 3298 1058 3382 ἐξυβρίζειν
1080 3300 1237 3385 διατηρεῖ.
1280 3295 1334 3368 διὰ
1357 3301 1462 3367 τοῦτο
1485 3294 1547 3385 γάρ
1570 3301 1604 3367 αί

293 3393 446 3477 κολάσεις
476 3401 531 3464 καὶ
561 3398 595 3464 αί
626 3390 768 3478 ἀπειλαί,
799 3396 853 3464 ίνα
884 3399 1053 3478 δείσαντες
1084 3395 1146 3477 τάς
1177 3402 1270 3478 δίκας
1300 3401 1364 3466 τοῦ
1394 3390 1602 3484 ἀμαρτάνειν

238 3509 276 3563 ,30
294 3489 532 3583 ἀποσχῶμεθα.
575 3495 641 3581 ἔχω
673 3517 726 3565 σοι
758 3502 979 3582 φιλοκοσμίας
1008 3491 1163 3578 κολάσεις
1184 3491 1407 3584 διηγήσασθαι
1428 3502 1484 3566 καί
1506 3504 1635 3583 φιλο-2

294 3599 408 3678 δοξίας
430 3601 600 3682 τιμωρίας,
631 3589 692 3664 ούκ
723 3589 883 3680 ἀκρασίας
905 3590 1022 3683 μόνον,
1054 3592 1140 3681 πρός
1162 3599 1197 3666 δὲ
1219 3601 1275 3664 καί
1297 3594 1359 3677 τὰς
1380 3599 1436 3665 ἐπὶ
1456 3593 1600 3685 πλούτῳ

294 3688 510 3780 κακόφρονας
530 3698 747 3780 παραθέσθαι
768 3699 989 3781 βλασφημίας,
1020 3697 1057 3764 ἐν
1079 3693 1130 3776 αίς
1152 3693 1206 3765 διὰ
1228 3700 1292 3766 τοῦ
1313 3705 1432 3781 φοβεῖν
1456 3689 1475 3765 ό
1498 3691 1602 3783 λόγος

294 3789 437 3880 ἀνείργει
468 3799 540 3863 τῶν
571 3789 799 3881 ἀδικημάτων.
826 3797 831 3880 l
858 3788 944 3863 ἀλλὰ
976 3792 1037 3882 γὰρ
1069 3792 1267 3883 φειδόμενος
1296 3801 1359 3865 τοῦ
1388 3791 1513 3884 μήκους
1536 3801 1601 3866 τοῦ
1618 3815 1695 3870 2811)

378 3979 419 4035 41
434 3980 488 4049 vgl.
508 3979 568 4032 Jud.
582 3981 596 4033 7
615 3979 769 4046 (11Petr.2‚
786 3979 812 4046 6)
831 4008 863 4018 -
882 3979 974 4035 5-Ῑῦ
993 3981 1049 4050 vgl.
1063 3981 1130 4035 Gen.
1144 3981 1429 4044 19,1-25-5-17
1451 3979 1505 4051 vgl.
1519 3981 1600 4036 Philo

292 4064 336 4120 De
348 4065 451 4120 Δία-πίε.
465 4061 542 4120 133ff
552 4065 587 4134 (ΙΙ
599 4080 625 4134 p.
637 4063 690 4120 20f
706 4064 744 4131 M)
757 4093 789 4103 -
804 4064 842 4119 18
860 4062 1002 4133 φρόνιμον
1013 4069 1069 4136 πῦρ
1081 4064 1137 4133 vgl.
1150 4063 1247 4121 βίασαι.
1261 4066 1313 4120 vn
1327 4067 1368 4132 34,
1380 4068 1409 4131 4;
1429 4063 1486 4118 Εαί.
1499 4059 1601 4134 Proph.

288 4151 333 4214 ⁴25,
351 4153 380 4214 4;
408 4151 564 4207 Koetschau
590 4169 624 4205 zu
641 4150 715 4220 Orig.
735 4149 774 4203 De
801 4151 868 4204 orab.
887 4149 927 4216 29,
948 4151 992 4212 15;
1019 4149 1126 4218 Boenig
1152 4167 1185 4204 zu
1202 4149 1302 4205 Minue.
1321 4149 1513 4213 F01.00t.35,
1533 4151 1600 4206 3-

294 4235 408 4290 19-24
425 4235 487 4289 Jud.
506 4234 541 4291 5f
555 4265 588 4273 -
607 4233 719 4289 25-27
741 4231 801 4287 Jud.
820 4237 853 4288 11

379 4387 415 4441 12
436 4383 570 4457 ἐπιρροήν
588 4385 652 4458 (ρρο
671 4385 700 4438 in
717 4383 791 4452 Rae.)
809 4383 844 4435 P1
860 4383 864 4450 Ι
879 4388 1090 4454 καταφλεγῆναι
1107 4385 1128 4438 F
1143 4387 1147 4450 Ι
1165 4384 1202 4439 18
1222 4378 1285 4452 (ἂν)
1303 4383 1358 4451 Di!
1375 4385 1414 4438 2⁰
1436 4379 1509 4451 ὑμᾶς
1527 4379 1554 4452 (ύ
1570 4385 1599 4438 in

292 4468 364 4535 Bas.)
382 4468 436 4536 1³¹1
454 4471 492 4525 22
511 4466 704 4532 ἀπολιπόντας
716 4468 773 4522 ΡθΡ
793 4465 1003 4534 ἀπολείποντας
1015 4469 1081 4522 Ρ*Μ
1098 4469 1102 4536 Ι
1119 4471 1155 4524 23
1173 4471 1286 4537 δεσμοῖς
1304 4470 1382 4537 (δεσμ
1401 4469 1430 4522 in
1448 4469 1520 4536 Rus.)
1538 4470 1573 4522 P¹
1593 4469 1597 4529 ζ

289 4554 327 4608 81
340 4554 357 4608 f
371 4553 421 4617 τὰς
439 4585 471 4592 -
489 4553 673 4622 κακόφρονας
691 4553 820 4607 PeorrFM
837 4553 889 4618 τὰς
900 4584 933 4591 -
945 4553 1139 4624 κακοφρονίας
1152 4554 1187 4605 P*
1206 4562 1254 4620 τῆς
1265 4583 1298 4593 -
1311 4553 1508 4624 κακοφρονίας
1520 4554 1599 4607 Schw

289 4635 391 4705 (κατὰ)
410 4644 467 4691 τῶν
486 4669 517 4676 -
536 4637 727 4708 κακοφρόνων
744 4637 775 4691 St
