3586 5466
313 407 332 468 6
901 401 1034 456 Clemens.

313 561 438 654 κόσμος
454 561 547 655 αὐτῷ
563 563 707 656 ἁρμονία
723 571 871 654 γένηται·
886 573 941 635 καὶ
956 561 1137 637 θάλατταν
1151 561 1346 655 μὲνάνῆκεν
1356 572 1549 656 λελυμένην,
1565 574 1626 655 γῆς

315 669 349 732 δὲ
365 667 548 750 ἐπιβαίνειν
570 667 762 738 κεκώλυκεν
783 662 901 755 αῦτὴν,
925 669 988 753 γῆν
1010 660 1039 734 δ
1056 667 1198 754 ἔμπαλιν
1214 671 1417 754 ἐστερέωσεν
1433 673 1625 754 φερομένην

313 771 368 832 καὶ
390 757 472 850 ῦρον
495 761 603 855 αὐτὴν
623 769 747 856 ἔπηξεν
769 763 957 852 θαλάττης·
982 771 1036 836 ναὶ
1055 763 1124 852 μὴν
1144 771 1199 834 καὶ
1214 765 1322 854 πυρὸς
1337 761 1446 854 ὁρμὴν
1461 762 1625 854 ἐμάλαξεν

314 856 398 950 άέρι,
422 868 527 934 οἱονεὶ
550 865 683 954 Δώριον
704 862 872 956 άρμονίαν
893 861 1035 950 κεράσας
1057 871 1184 953 Λυδίῳ·
1220 871 1276 936 καὶ
1303 864 1368 954 τὴν
1390 862 1488 954 άέρος
1511 862 1625 954 άπηνῆ

280 957 512 1051 τψνχράτητα
533 973 577 1053 τῇ
591 973 794 1054 παραπλοκῇ
817 970 880 1035 τοῦ
901 961 1009 1049 πυρὸς
1030 960 1236 1048 ἐτιθάσευεν,
1269 964 1349 1048 τοῦς
1380 961 1521 1046 νεάτους
1550 971 1626 1036 τῶν

314 1055 409 1133 ῦλων
431 1060 606 1152 φθόγγους
629 1063 775 1147 τούτους
799 1063 917 1155 κιρνὰς
944 1069 1102 1153 ἐμμελῶς.
1146 1070 1201 1134 καὶ
1229 1062 1269 1152 δὴ
1298 1062 1338 1135 τὸ
1361 1055 1446 1157 ᾆσμα
1473 1062 1513 1134 τὸ
1546 1060 1658 1151 ἄκη-2

313 1187 429 1248 ρατον.
453 1165 584 1253 ἔρεισμα
607 1173 680 1235 τῶν
703 1157 796 1236 ῦλων
817 1171 873 1236 καὶ
895 1161 1039 1255 άρμονία
1063 1169 1136 1234 τῶν
1157 1159 1312 1248 πάντων,
1335 1161 1403 1236 άπὸ
1424 1171 1496 1236 τῶν
1511 1170 1625 1250 μέσων

314 1263 369 1330 ἐπὶ
391 1259 434 1331 τά
456 1267 587 1350 πέρατα
608 1269 663 1333 καὶ
687 1259 754 1335 άπὸ
778 1273 850 1335 τῶν
872 1263 986 1354 άκρων
1008 1267 1063 1334 ἐπὶ
1084 1261 1127 1334 τὰ
1148 1269 1231 1352 μέσα
1254 1270 1429 1346 διοταθέν,
1451 1259 1625 1353 ἡρμόσατο

314 1356 456 1432 τόδετὸ
479 1367 557 1444 πᾶν,
581 1358 731 1432 οῦκατά
753 1361 818 1452 τὴν
836 1361 985 1454 Θράκιον
1005 1359 1179 1484 μουσικην,
1202 1363 1267 1452 τὴν
1289 1360 1530 1453 παραπλήσιον
1551 1360 1625 1435 ’Iov-

263 1486 296 1538 10
313 1457 386 1544 βαλ
417 1461 505 1532 κατὰ
534 1467 570 1531 δὲ
601 1461 665 1550 τὴν
696 1457 845 1550 πάτριον
876 1468 939 1533 τοῦ
970 1469 1054 1532 θεοῦ
1075 1461 1248 1551 βούλησιν,
1281 1493 1322 1552 ην
1344 1459 1491 1552 ἐζήλωσε
1513 1469 1624 1534 Δαυίδ.

314 1553 391 1629 όδε
412 1563 449 1630 ἐκ
472 1566 574 1632 Δαυὶδ
593 1569 649 1633 καὶ
671 1559 739 1650 πρὸ
763 1557 881 1646 αῦτσῦ,
908 1557 1013 1633 ότοῦ
1043 1569 1128 1632 θεοῦ
1155 1557 1265 1650 λόγος
1288 1561 1395 1650 λάρον
1416 1568 1478 1650 μέν
1498 1568 1555 1633 καὶ
1577 1590 1625 1682 κι-
1642 1573 1657 1626 3

314 1655 436 1746 θάραν,
460 1659 502 1731 τά
525 1659 636 1748 άφυχα
658 1653 796 1749 ὄργανα,
818 1658 999 1748 ῦπεριδῶν,
1022 1658 1150 1750 κόσμον
1173 1666 1208 1732 δὲ
1230 1657 1330 1733 τόνδε
1351 1668 1407 1731 καὶ
1429 1661 1470 1750 55
1489 1660 1597 1731 καὶ
1560 1690 1625 1732 τον

314 1759 454 1848 σμικρὸν
484 1755 620 1849 κόσμον,
652 1761 717 1832 τόν
747 1761 954 1848 άνθρωπον.
988 1757 1098 1848 φυγήν
1128 1789 1165 1830 τε
1195 1767 1251 1831 καὶ
1282 1768 1378 1850 σῶμα
1401 1758 1517 1844 αῦτοῦ,
1540 1757 1624 1850 άγὶῳ

314 1857 480 1948 πνεύματι
503 1855 744 1950 ἁρμοσάμενος,
767 1859 890 1948 ψάλλει
912 1869 963 1950 τῷ
985 1867 1058 1950 θεῷ
1081 1859 1135 1930 διά
1159 1867 1222 1930 τοῦ
1246 1861 1461 1946 πολυφῶνου
1476 1855 1625 1950 άργάνου

264 1981 296 2032 15
314 1965 369 2029 καὶ
391 1959 553 2052 προσάδει
577 1967 626 2049 τῷ
650 1956 786 2082 ὀργάνῳ
811 1968 860 2051 τῷ
866 1955 1068 2086 άνθρῶπεμ.
1114 1959 1173 2029 τσῦ
1187 1958 1250 2047 γὰρ
1266 1961 1298 2030 εἰ
1309 1957 1436 2047 κιθάρα
1451 1967 1507 2030 καὶ
1523 1956 1625 2041 αῦλός

314 2087 369 2128 και
385 2085 468 2132 ναος
483 2063 587 2147 έμοιι
625 2057 752 2148 κιθάρα
769 2059 874 2130 διὰ
838 2089 903 2149 την
925 2055 1099 2149 άρμονὶαν,
1122 2055 1294 2142 αῦλὸςδιά
1318 2057 1358 2130 τὸ
1380 2065 1520 2147 πνεῦμα,
1544 2059 1625 2142 ναὸς

315 2157 369 2227 διὰ
401 2156 463 2227 τὸν
494 2154 611 2245 λόγον,
647 2155 742 2230 1’ν’“
721 2190 742 2249 η
772 2163 832 2247 μὲν
862 2165 977 2248 κρέκη
1010 2157 1050 2230 τὸ
1073 2164 1107 2229 δὲ
1130 2163 1265 2246 ἐμκνέη,
1298 2153 1376 2280 ῦῖδὲ
1397 2155 1531 2247 χωρὴση
1565 2157 1626 2232 τὸν

314 2255 441 2344 κύριον.
480 2261 533 2327 ναὶ
555 2256 621 2347 μὴν
644 2252 782 2328 διίαυὶδ
803 2252 1001 2341 δβασιλεῦς,
1025 2253 1268 2346 όκιθαριστής,
1291 2248 1332 2327 05
1347 2264 1454 2346 μικρῷ
1471 2253 1658 2348 πρόσθεν4

316 2352 545 2444 ἐμνήσθημεν,
576 2349 791 2444 προῦτρεπεν
821 2355 869 2440 ῶς
899 2356 963 2477 την
993 2353 1169 2447 άλῆθειαν,
1200 2353 1369 2445 άπέτρεπε
1400 2362 1436 2428 δὲ
1463 2358 1624 2440 είδῶλων,
1641 2368 1693 2422 6Ρ
1774 2385 1775 2420 ;

264 2475 298 2528 20
315 2463 447 2525 πολλοῦ
468 2483 503 2544 γε
525 2457 590 2526 ἔδει
611 2455 727 2578 555·sz
749 2453 855 2528 αὐτὸν
877 2457 958 2537 τοὺς
980 2463 1142 2544 δαίμονας
1169 2453 1291 2546 άληθεῑ
1310 2455 1397 2544 πρὸς
1419 2452 1526 2528 αῦτοῦ
1548 2462 1624 2527 διω-

315 2561 479 2642 κομένονς
500 2564 651 2644 μουσικῇ,
682 2547 789 2642 ητοῦ
810 2556 928 2628 Σαοὺλ
959 2559 1200 2644 ἔνεργουμένου
1230 2561 1370 2640 ἐκείνοις
1400 2551 1495 2648 ᾄδων
1516 2555 1627 2646 μόνον

316 2647 423 2723 αὐτὸν
458 2651 586 2726 ἰάσατο.
636 2653 744 2727 καλὸν
775 2651 793 2725 5
816 2654 938 2780 κύριος
973 2647 1122 2744 ὄργανον
1158 2659 1308 2744 ἔμπνουν
1339 2653 1403 2728 τόν
1434 2653 1626 2774 ἄνθρωπον

316 2751 529 2840 ἐξειργάσατο
552 2783 616 2824 κατ
618 2751 764 2826 ἐἰκόνα
786 2754 850 2844 τὴν
873 2755 1007 2825 ἑαυτοῦ·
1052 2751 1164 2842 άμέλει
1185 2785 1242 2826 και
1263 2751 1366 2838 αὐτὸς
1388 2747 1535 2842 ὄργανόν
1555 2758 1626 2826 ἐστι

317 2857 378 2924 τοῦ
399 2859 486 2924 θεοῦ
507 2852 753 2943 παναρμόνιον,
776 2859 911 2943 ἐμμελὲς
933 2861 988 2924 καὶ
1012 2847 1117 2942 άγιον,
1148 2864 1251 2941 σοφία
1273 2850 1505 2942 ῦπερκόσμιος,
1528 2850 1625 2940 οῦρά-

265 2971 298 3023 25
317 2981 388 3034 νιος
411 2949 519 3042 λόγος.

403 3061 439 3122 Τί
469 3053 510 3142 δὴ
542 3047 605 3126 οῦν
635 3052 676 3125 τὸ
708 3047 867 3142 ὄργανον,
899 3048 918 3123 5
951 3059 1013 3123 τοῦ
1043 3059 1128 3123 θεοῦ
1159 3051 1269 3141 λόγος,
1301 3047 1319 3123 5
1346 3050 1471 3140 κύριος,
1504 3060 1559 3122 καὶ
1586 3050 1626 3124 τὸ
1644 3071 1691 3131 (11

316 3145 402 3243 ᾆσμα
429 3150 612 3225 τὸκοινόν
642 3153 815 3239 βοῦλεται,·
846 3147 1048 3238 άφθαλμοῦς
1078 3149 1286 3224 άναπετάσαι
1309 3161 1451 3240 τυφλῶν
1474 3161 1530 3224 καὶ
1553 3145 1628 3224 ῶτα

316 3247 448 3337 άνοῑξαι
479 3260 609 3339 κωφῶν
639 3259 695 3324 καὶ
726 3250 913 3338 σκάζοντας
939 3252 990 3321 τῶ
1021 3249 1105 3322 πόδε
1128 3247 1149 3339 5
1171 3259 1416 3341 πλανωμένους
1438 3258 1485 3335 εἰς
1507 3259 1628 3324 δικαιο·
1657 3271 1661 3280 ’

316 3349 420 3440 σῦνην
440 3358 691 3440 χειρογωγῆσαι,
723 3351 808 3422 θεόν
830 3348 1030 3436 άνθρῶποις
1053 3347 1276 3438 άφραίνονσιν
1298 3355 1470 3436 ἐπιδεῖξαι,
1502 3358 1627 3438 παῦσαι

265 3477 298 3532 30
317 3446 463 3536 φθοράν,
496 3458 627 3538 νικῆσαι
658 3448 823 3534 θάνατον,
854 3451 947 3533 υίοῦς
979 3446 1131 3532 άπειθεῑς
1154 3447 1329 3534 διαλλάξαι
1350 3459 1463 3538 πατρί.
1507 3449 1660 3538 ψιλόν-2
1774 3445 1775 3504 Ῑ

316 3559 465 3636 θρωπον
487 3549 528 3619 τὸ
552 3543 699 3638 ὄργανον
721 3557 785 3622 τοῦ
807 3557 903 3621 θεοῦ·
948 3545 966 3620 5
989 3547 1105 3636 κύριος
1126 3554 1218 3633 ἐλεεῖ,
1250 3549 1408 3630 παιδεύει,
1431 3557 1627 3640 προτρέπει,

317 3660 482 3732 νουθετεῖ,
505 3648 617 3738 σῴζει,
642 3647 806 3735 φυλάττει
827 3657 883 3720 καὶ
903 3649 1028 3734 μισθὸν
1051 3647 1129 3740 ἡμῖν
1152 3658 1213 3740 τῆς
1234 3648 1415 3738 μαθήσεως
1437 3654 1475 3720 ἐκ
1496 3678 1627 3738 κεριου

317 3756 389 3830 σίας
410 3756 583 3833 βασιλείαν
606 3745 765 3836 οὐρανῶν
787 3752 1037 3837 ἐπαγγέλλεται,
1060 3756 1167 3823 τοῦτο
1189 3746 1297 3839 μόνον
1317 3744 1505 3820 άπολαῦων
1521 3746 1627 3838 ἡμῶν,

318 3840 336 3916 5
359 3843 546 3937 σῳζόμεθα.
588 3855 688 3918 κακία
709 3854 770 3936 μὲν
792 3849 854 3938 γάρ
878 3848 942 3938 τὴν
964 3846 1165 3936 ἀνθρώπων
1192 3845 1403 3933 ἐπιβάσκεται
1427 3845 1574 3936 φθοράν,
1609 3845 1628 3937 5

404 4017 455 4071 1ss
475 4019 530 4088 vgl.
554 4017 622 4072 Gen.
641 4021 663 4082 1,
681 4018 706 4072 9.
726 4019 771 4080 10;
797 4017 869 4072 Hiob
892 4019 1087 4084 358-11-
1109 4019 1226 4088 91ng
1250 4021 1316 4076 Gen.
1338 4023 1363 4085 4,
1381 4021 1412 4074 21
1443 4049 1476 4058 -
1506 4018 1544 4073 21
1572 4018 1629 4088 vgl.

316 4101 421 4156 ISam.
441 4105 480 4166 16,
498 4103 531 4157 23
559 4132 593 4142 —
619 4102 685 4158 221
703 4103 759 4172 vgl.
779 4103 846 4159 Gen.
865 4107 888 4168 1,
906 4105 938 4158 27
966 4133 1000 4144 ·-
1027 4105 1092 4160 271
1111 4104 1166 4174 vgl.
1191 4105 1244 4158 Jes.
1263 4107 1304 4169 35,
1322 4107 1347 4159 5.
1365 4107 1396 4168 63
1422 4103 1628 4168 Matth.11,5;

316 4187 383 4240 Luk.
404 4189 426 4250 1,
445 4188 478 4240 22

402 4323 420 4375 3
439 4319 526 4404 αὐτην
539 4323 569 4376 st
588 4319 669 4390 αὐτῆι
687 4323 728 4388 ΡΙ
746 4321 783 4376 15
803 4320 921 4396 (τούτῳ)
940 4329 979 4396 τῷ
999 4321 1113 4396 δργοίνφ
1125 4325 1185 4393 ΜῖΙ
1202 4324 1240 4378 19
1259 4317 1418 4395 προῦτρεπε
1437 4323 1517 4392 (μὲν)
1536 4322 1629 4377 Mark-

317 4406 384 4459 land
408 4407 412 4473 1
435 4407 472 4462 21
493 4406 520 4475 ἡ]
539 4407 556 4474 η
574 4409 679 4460 Αοοεο1
696 4406 802 4460 ουειοᾶ.
821 4407 842 4458 Ρ
867 4407 871 4471 Ι
894 4415 945 4462 τοῦ
963 4406 1061 4462 Σαοὺλ
1079 4405 1286 4478 ἔνεργονμένον
1304 4407 1351 4461 Ma
1367 4427 1418 4462 τωι
1437 4409 1552 4472 (Acuent
1569 4423 1628 4461 aus-

317 4485 526 4643 {535155505
540 4485 781 4629 δὸτεῐνεηηζοέμενος
798 4491 866 4544 ΡΜ*
885 4497 924 4561 τῷ
945 4490 1032 4546 σαοῦλ
1049 4489 1247 4566 ἐνεργουμένη)
1273 4493 1334 4558 1121
1355 4488 1474 4556 ἐκείνοις
1492 4491 1540 4545 wi
1558 4488 1628 4547 έκεῖ-
