3562 5468
278 404 341 458 xlv
754 402 878 458 Clemens
896 402 1105 458 Alexandriam.

359 572 517 638 Malalas
548 573 576 636 X
607 595 636 656 p.
660 578 720 637 211
752 572 851 636 Bouu,
882 563 1150 656 Συνεγράψαντο
1182 572 1289 636 ταῦτα
1319 569 1351 637 οί
1381 567 1581 654 σοφώτατοι

281 664 417 756 Κλήμης
439 675 495 738 καὶ
522 665 684 748 Τατιανός
706 670 739 738 οί
759 663 1014 753 χρονογράφοι.ι

359 771 663 855 Chron.paseh.1
685 794 714 855 p.
733 772 886 836 11Bonn.
909 763 1007 835 Ἀλλά
1028 773 1083 835 καί
1106 764 1253 854 Κλήμης,
1277 759 1295 836 ό
1319 761 1509 850 ὁσιώτατος
1524 773 1584 852 τῆς

276 865 522 955 ’,ίλεξανδρίων
544 871 719 954 ἐκκλησίας
741 867 891 954 γεγονῶς
913 864 1032 953 ίερεάς,
1064 861 1288 954 ἀρχαιότατος
1314 873 1369 937 καὶ
1392 862 1434 936 οά
1453 866 1585 955 μακρὰν

278 975 352 1038 τῶν
367 964 608 1038 ἄποστολικῶν
624 961 804 1054 γενόμενος
816 961 962 1053 χρόνων,
985 969 1023 1036 ἐν
1038 972 1089 1054 τῶ
1105 971 1187 1052 Περὶ
1203 971 1266 1037 τοῦ
1280 963 1390 1053 πάσχα
1406 962 1497 1056 λόγῳ
1512 977 1584 1036 κτλ.

275 1073 354 1156 (ng.
377 1077 469 1136 anter
491 1075 551 1136 den
573 1070 807 1155 Fragmenten).

361 1171 521 1238 Photius
543 1171 591 1234 De
613 1169 644 1233 S.
666 1169 746 1252 Spir.
766 1173 915 1252 ωχείλὸ
942 1159 1067 1236 Ἑάοειν
1097 1195 1155 1254 μοι
1187 1173 1277 1238 δοκῶ
1304 1163 1502 1236 Πάνταινον
1531 1171 1587 1234 καί

283 1263 459 1355 Κλήμεντα
497 1261 634 1355 Πιίριόν
670 1291 707 1334 τε
737 1271 793 1334 καί
819 1262 1002 1352 Πάμφιλον
1032 1271 1086 1336 καὶ
1119 1263 1359 1354 Θεόγνωστον,
1396 1265 1520 1350 ἄνδρας
1551 1292 1586 1333 τε

280 1364 390 1452 ίερούς
411 1371 467 1435 καὶ
489 1371 563 1435 τῶν
591 1368 692 1449 ίερῶν
723 1361 943 1446 διδασκάλους
973 1363 1201 1453 μαθημάτων,
1233 1357 1284 1436 ῶν
1315 1364 1377 1446 τάς
1408 1369 1518 1446 θέσεις
1549 1359 1589 1433 οά

279 1462 388 1546 πάσας
409 1463 551 1544 πάντως
573 1458 760 1550 δεχόμενοι,
791 1469 898 1534 καλοῦ
926 1492 964 1551 γε
993 1472 1068 1548 βίου
1097 1471 1153 1534 καί
1184 1471 1245 1553 τῆς
1272 1463 1377 1552 ἄλλης
1403 1469 1589 1553 ίερολογίας

284 1569 381 1652 γέρας
404 1560 520 1644 αὐτοῖς
542 1557 785 1650 ἄπονέμοντες,
817 1562 870 1633 διὰ
901 1570 1032 1650 πολλῆς
1060 1569 1156 1652 τιμῆς
1183 1571 1238 1633 καὶ
1262 1561 1433 1653 ἀποδοχῆς
1456 1563 1588 1653 ἄγομεν.

283 1668 364 1733 Bibl.
388 1672 455 1733 cod.
474 1673 531 1734 118
554 1657 724 1751 Ὠριγίνην
819 1659 993 1751 ἄκροατὴν
1014 1669 1068 1732 καί
1092 1659 1253 1750 διάδοχον
1275 1669 1410 1752 λέγουσι
1431 1668 1589 1752 γενέσθαι

284 1761 481 1854 Κλήμεντος
503 1769 567 1834 τοῦ
586 1767 826 1852 Στρωματέως
847 1770 903 1832 καὶ
926 1769 988 1833 τοῦ
1010 1762 1098 1833 κατά
1120 1762 1185 1851 τὴν
1206 1759 1454 1848 Ἀλεξανδρείαν
1475 1767 1590 1851 ἐκκλη-

282 1869 455 1934 σιαστικοῦ
486 1867 728 1934 διδασκαλείου.
772 1861 952 1952 Κλήμεντά
983 1867 1018 1932 δὲ
1044 1870 1241 1933 Πανταίνου
1273 1869 1429 1950 γενέσθαι
1460 1867 1591 1950 λέγουσι

279 1970 333 2032 καὶ
356 1959 529 2052 ἀκροατὴν
550 1969 606 2033 καὶ
628 1968 690 2034 τοῦ
712 1967 943 2033 διδασκαλείου
957 1960 1123 2050 διάδοχον.
1156 1967 1226 2049 Vgl.
1243 1969 1311 2032 cod.
1338 1967 1591 2032 117.132Ende.

283 2069 357 2132 eod.
371 2074 529 2133 1011-111
549 2059 763 2149 >ιίνεγνῶσθη
782 2058 977 2149 Κλήμεντος
992 2057 1235 2148 Ἀλεξανδρέως
1250 2065 1477 2146 πρεσβυτέρου
1492 2056 1592 2146 τεύχη

282 2171 422 2246 βιβλίων
453 2166 544 2247 τρία,
578 2151 628 2231 ῶν
659 2161 700 2232 τὸ
731 2167 791 2248 μὲν
822 2159 1014 2249 ἐπιγραφὴν
1045 2163 1162 2248 ἔλαχεν
1191 2157 1454 2241 ίλ’ποτυπῶσεις,
1485 2157 1525 2229 τὸ
1558 2163 1593 2228 δὲ

284 2258 523 2350 Στρωματεός,
547 2259 586 2331 τὸ
609 2265 645 2330 δὲ
661 2257 890 2348 Παιδαγωγός.
927 2264 961 2330 αί
981 2266 1042 2348 μὲν
1066 2252 1126 2330 οὖν
1140 2254 1392 2341 <λ’ποτοπῶσεις
1414 2254 1594 2346 διαλαμβά-

285 2382 380 2431 νουσι
400 2367 477 2446 περὶ
500 2361 616 2446 ῥητῶν
639 2388 748 2430 τινων
770 2366 831 2448 τῆς
854 2389 890 2430 τε
912 2366 1059 2441 παλαιᾶς
1087 2367 1141 2430 καὶ
1174 2367 1250 2442 νίας
1282 2365 1425 2448 γραφῆς,
1458 2350 1508 2429 ῶν
1538 2363 1593 2428 καὶ

284 2465 530 2546 κεφαλαιωδῶς
553 2456 617 2539 ῶςῖ
640 2465 747 2547 δῆθεν
768 2458 922 2549 ἑξήγησίν
945 2467 1058 2529 τεκαὶ
1081 2459 1259 2548 ἑρμηνείαν
1281 2477 1436 2530 ποιεῖται.
1479 2462 1535 2526 καί
1556 2461 1594 2526 ἐν

289 2567 354 2630 τισί
375 2565 437 2648 μὲν
458 2555 574 2628 αὐτῶν
597 2551 712 2644 ὀρθῶς
735 2564 828 2629 δοκεῖ
849 2565 968 2648 λέγειν,
997 2562 1034 2628 ἐν
1056 2567 1121 2629 τισὶ
1141 2563 1176 2629 δὲ
1198 2565 1379 2640 παντελῶς
1401 2561 1446 2640 είς
1469 2553 1594 2641 ἀσεβεῖς

286 2663 342 2729 καί
364 2657 535 2747 μυθώδεις
557 2651 678 2745 λόγους
700 2660 883 2745 ἐκφέρεται.
926 2650 1011 2746 όλην
1038 2687 1076 2727 τε
1104 2657 1166 2746 γάρ
1190 2657 1338 2747 ἄχρονον
1359 2664 1413 2727 καὶ
1436 2661 1524 2737 ἰδίας
1547 2653 1595 2736 ῶς

288 2753 356 2830 ἄπό
381 2785 489 2828 τινων
510 2757 627 2845 ῥητῶν
649 2760 864 2844 εἰσαγομένας
886 2754 1015 2843 δοξάζει
1037 2763 1091 2827 καὶ
1116 2757 1179 2829 τὸν
1201 2757 1277 2828 υἱὸν
1293 2764 1338 2840 είς
1360 2765 1481 2843 κτίσμα
1495 2752 1594 2826 κατά-

289 2887 345 2948 γει.
382 2859 431 2926 ἔτι
454 2861 488 2926 δὲ
503 2857 774 2945 μετεμψυχῶσεις
795 2863 852 2925 καί
874 2857 1023 2937 πολλοὺς
1045 2855 1111 2942 πρὸ
1135 2862 1198 2926 τοῦ
1219 2853 1318 2943 Ἀδάμ
1340 2853 1485 2945 κόσμους
1500 2883 1594 2942 τερα-

289 2955 427 3028 τεύεται.
463 2963 519 3025 καί
541 2959 577 3026 ἐκ
600 2963 663 3027 τοῦ
676 2951 773 3043 Ἀδάμ
796 2955 861 3044 τὴν
880 2948 980 3038 Εὔαν,
1004 2953 1064 3042 οὐχ
1087 2952 1135 3036 ῶς
1157 2951 1175 3026 ό
1198 2954 1471 3044 ίκκληοιαστικὸς
1494 2950 1595 3042 λόγος

289 3054 455 3140 βούλεται,
478 3049 553 3126 ἄλλ’
577 3059 721 3142 αἰσχρῶς
744 3083 779 3124 τε
801 3061 856 3124 καὶ
872 3049 987 3135 άθίως
1003 3051 1236 3140 ἀποφαίνεται.
1266 3063 1448 3144 μίγνυσθαί
1463 3083 1500 3124 τε
1515 3054 1596 3135 τούς

290 3153 450 3246 ἄγγε’λους
472 3161 600 3243 γυναιξὶ
623 3161 678 3225 καί
700 3159 916 3224 παιδοποιεῖν
937 3159 972 3238 ἐξ
995 3150 1111 3224 αὐτῶν
1134 3149 1357 3238 ὀνειροπολεῖ,
1380 3155 1499 3243 καὶμὴ
1522 3177 1596 3240 σαρ-

290 3261 447 3342 κωθῆναι
469 3252 532 3324 τόν
555 3251 667 3342 λόγον,
691 3249 778 3324 ἄλλά
802 3250 903 3339 δόξαι.
940 3252 1065 3342 λόγους
1080 3283 1116 3323 τε
1140 3252 1355 3342 τοῦπατρὸς
1378 3254 1438 3325 δύο
1461 3281 1597 3341 τερατο-

291 3360 405 3442 λογῶν
437 3349 668 3441 άπελέγχεται,
707 3345 757 3423 ῶν
788 3351 852 3422 τόν
882 3348 1013 3440 ἥττονα
1047 3372 1119 3434 τοῖς
1150 3349 1352 3439 άνθρῶποις
1383 3358 1596 3440 ἐπιφανῆναι,

290 3459 421 3540 μᾶλλον
447 3457 483 3522 δὲ
510 3449 587 3523 οὐδὲ
613 3457 754 3522 ἐκεῖνον·
792 3458 871 3540 φησί
893 3449 968 3540 γάρ·
1015 3458 1165 3540 »λέγεται
1187 3459 1247 3542 μὲν
1275 3449 1371 3524 καὶὸ
1395 3447 1597 3539 υίὸςλόγος,

292 3549 483 3640 ὁμωνύμως
506 3557 555 3639 τῷ
579 3559 735 3642 πατρικῷ
760 3551 866 3642 λόγῳ,
895 3547 967 3622 ἄλλ’
995 3549 1055 3641 οὐχ
1083 3543 1184 3634 οὗτός
1207 3557 1298 3624 ἐστιν
1321 3548 1339 3623 ό
1362 3552 1444 3640 σὰρξ
1465 3547 1598 3640 γενόμε-

293 3657 376 3734 νος.3
419 3647 495 3721 οὐδὲ
517 3650 584 3740 μὴν
606 3646 624 3721 ό
646 3659 809 3741 πατρῷος
831 3649 946 3740 λόγος,
975 3646 1062 3723 ἄλλά
1084 3649 1220 3738 δύναμίς
1243 3680 1295 3733 τις
1317 3659 1380 3723 τοῦ
1402 3657 1499 3732 θεοῦ,
1524 3650 1599 3721 οἷον

293 3747 458 3837 άπόρροια
481 3757 544 3820 τοῦ
566 3747 670 3836 λόγου
692 3749 799 3823 αὐτοῦ
822 3760 901 3832 νοῦς
923 3749 1104 3839 γενόμενος
1126 3749 1187 3832 τάς
1210 3759 1285 3822 τῶν
1306 3747 1508 3839 ἀνθρώπων
1523 3777 1598 3836 καρ-

294 3857 366 3930 δίας
396 3855 662 3939 διαπεφοίτηκεπ
709 3859 764 3922 καὶ
797 3859 903 3923 ταῦτα
933 3850 1048 3922 πάντα
1078 3855 1233 3938 πειρᾶται
1261 3846 1328 3921 άπὸ
1352 3852 1470 3939 ῥητῶν
1492 3876 1601 3920 τινων

293 3946 552 4034 κατασκευάζειν
574 3956 634 4039 τῆς
657 3959 796 4040 γραφῆς.
839 3959 894 4020 καὶ
922 3950 1010 4022 ἄλλα
1037 3956 1072 4020 δὲ
1094 3958 1192 4038 μυρία
1217 3961 1359 4036 φλυαρεῖ
1378 3955 1434 4020 καί
1455 3957 1601 4035 βλασφη-

294 4066 360 4136 μεῖ,
391 4053 457 4118 είτε
488 4045 603 4132 αότός,
636 4055 702 4121 ε’ίτε
734 4082 785 4134 τις
817 4053 929 4140 ίτερος
961 4050 1001 4121 τὸ
1033 4046 1140 4121 αὐτοῦ
1169 4048 1368 4137 πρῶσωπον
1394 4045 1600 4135 ὑποκριθείς.

382 4239 407 4305 1)
425 4237 534 4291 Andere
550 4235 653 4290 stenen
679 4238 747 4293 iiber
773 4238 825 4292 den
845 4237 1111 4307 „Chronographen“
1130 4236 1255 4290 Clemens
1281 4235 1397 4289 beiden
1417 4232 1602 4303 Byzantinern

296 4322 350 4378 und
369 4323 430 4378 eine
448 4321 532 4378 stelle
549 4321 595 4376 bei
614 4321 711 4376 Suidas
729 4322 868 4392 besprieht
885 4323 987 4389 Zahn,
1005 4321 1095 4391 Suppl.
1117 4320 1200 4374 Clem.
1220 4321 1245 4374 S.
1264 4321 1373 4374 56-61.

380 4409 405 4472 2)
425 4403 483 4478 [ὥς]
502 4407 645 4474 Βυοεοα,
665 4407 745 4460 Anal.
763 4407 862 4461 Κοίνου.
882 4407 895 4459 1
912 4424 937 4475 p.
957 4409 1014 4462 164.

380 4493 407 4560 3)
426 4485 487 4548 ἀλλ’
510 4488 561 4560 οὐχ
584 4483 667 4556 οὗτός
685 4489 760 4548 ἐστιν
779 4487 795 4545 ό
815 4489 885 4562 σάρξ
903 4489 1058 4559 γενόμενος
1076 4488 1153 4544 sbellt
1171 4507 1219 4544 vor
1236 4487 1348 4558 λέγεται
1370 4485 1424 4556 μὲν
1442 4487 1490 4541 καί
1508 4482 1524 4539 δ
1543 4481 1603 4549 υίὸς

297 4575 383 4645 λόγος
401 4576 546 4643 Ziegert,
566 4575 636 4630 Zwei
655 4575 793 4630 Abhandl.
812 4577 878 4630 iiber
895 4575 924 4627 Τ.
943 4573 982 4628 Fl.
1002 4573 1085 4628 (λίθω.
1104 4591 1129 4626 v.
1149 4573 1227 4628 Alex.
1245 4571 1413 4639 Heidelberg
1433 4571 1499 4626 1804
1517 4569 1541 4622 S.
1561 4569 1602 4623 88.
