3510 5474
426 489 608 560 Paedagogus
625 489 645 544 Ι.
664 489 728 560 Gap.
747 488 779 542 X.
798 491 840 554 94,
858 489 975 558 2-Cap.
993 489 1039 544 XI.
1057 493 1098 558 97,
1116 494 1140 547 2.
1383 499 1442 558 147

255 741 311 808 XL
334 731 408 810 Ὅτι
429 736 484 810 διὰ
505 732 612 827 νόμου
633 743 689 806 καὶ
711 743 905 825 προφητῶν
927 730 947 806 ὁ
969 731 1071 824 λόγος
1092 739 1321 827 ἐπαιδαγώγει.
1459 707 1575 812 1551)..

213 899 246 972 ‘0
267 909 328 992 μὲν
351 901 391 992 δὴ
414 897 543 991 τρόπος
565 907 625 991 τῆς
648 909 910 989 φιλανθρωπίας
932 898 1039 974 αῦτοῦ
1060 911 1116 974 καὶ
1138 911 1368 993 παιδαγωγίας
1391 901 1439 987 οῦς
1457 935 1521 998 96‚1

123 1009 212 1092 ἐνῆν
234 998 312 1092 ῆμῑν
333 999 577 1073 ῦποδέδεικται.
620 998 738 1088 διόπερ
758 999 944 1090 παγκάλως
967 997 1070 1083 αὐτὸς
1092 999 1199 1075 αῦτόν
1221 1001 1440 1094 ἐξηγούμενος

128 1099 268 1192 ικόκκῳ
290 1099 438 1183 νάπυοςι
464 1103 603 1184 εἴκασεν,
625 1107 679 1172 καί
701 1107 764 1172 τοῦ
785 1108 1007 1190 σπειρομένου
1029 1101 1133 1190 λόγου
1153 1101 1195 1173 τὸ
1214 1101 1441 1194 πνευματικόν

81 1225 100 1278 5
123 1209 187 1275 καὶ
209 1199 250 1271 τό
272 1199 446 1289 πολύχουν
474 1205 535 1289 τῆς
558 1196 691 1287 φύσεως
717 1209 773 1270 καὶ
801 1200 842 1272 τὸ
865 1207 1118 1291 μεγαλοπρεπὲς
1140 1195 1207 1292 άμα
1233 1211 1288 1274 καὶ
1310 1199 1443 1290 εῦαυξὲς

126 1310 194 1392 τῆς
217 1298 389 1388 δυνάμεως
411 1305 472 1389 τῆς
495 1305 641 1389 λογικῆς,
663 1296 750 1388 πρὸς
772 1304 885 1370 δὲκαὶ
907 1307 968 1390 τῆς
983 1297 1208 1391 ἐπιτιμήσεως
1222 1303 1263 1376 τό
1280 1301 1443 1394 δηκτικὸν

125 1411 186 1474 καὶ
217 1399 258 1472 τὸ
291 1397 569 1487 άνακαθαρτικόν
601 1393 810 1489 ὀνησιφόρον
840 1399 924 1471 εἶναι
960 1397 1027 1470 ῦπὸ
1059 1400 1263 1492 δριμύτητος
1294 1400 1442 1475 αίνιττό-

124 1529 240 1593 μενος.
283 1495 329 1568 δι’
357 1493 474 1588 όλίγου
500 1506 582 1586 γοῦν
613 1505 675 1570 τοῦ
699 1495 829 1569 κόκκου
859 1506 923 1570 τοῦ
950 1495 1249 1589 άλληγορουμένου
1270 1499 1477 1592 πάμπολυ,2

125 1601 197 1692 τῆν
219 1607 404 1689 σωτηρίαν,
435 1593 547 1685 άπάση
573 1605 742 1687 χαρίζεται
768 1606 811 1687 τῆ
839 1595 1095 1688 άνθρωπότητι.
1139 1598 1180 1670 τὸ
1203 1607 1264 1690 μὲν
1287 1593 1348 1672 οῦν
1369 1606 1443 1689 μέλι

62 1721 103 1775 10
127 1700 346 1792 γλυκύτατον
370 1691 411 1767 όν
431 1703 535 1786 χολῆς
557 1700 628 1768 ἐστι
642 1695 853 1788 γεννητικόν,
876 1695 924 1780 ως
939 1698 980 1770 τὸ
996 1695 1130 1787 ἀγαθὸν
1143 1698 1442 1790 καταφρονήσεως,

128 1797 148 1873 ὃ
174 1800 217 1890 δὴ
240 1803 351 1870 αἴτιον
374 1803 437 1868 τοῦ
459 1793 709 1886 ἐξαμαρτάνειν,
732 1796 774 1868 τὸ
797 1802 833 1869 δὲ
854 1803 946 1868 νᾶπυ
967 1804 1023 1867 καὶ
1044 1804 1104 1887 τῆς
1125 1805 1228 1889 χολῆς
1250 1796 1443 1888 μειωτικόν,

128 1906 294 1974 τουτέστι
316 1904 379 1969 τοῦ
401 1903 527 1983 θυμοῦ,
558 1903 613 1967 καὶ
637 1903 700 1968 τοῦ
722 1904 915 1987 φλέγματος
937 1895 1171 1981 διακοπτικόν,
1202 1905 1359 1968 τουτέστι
1381 1904 1445 1969 τοῦ

129 1999 260 2088 τύφου·
284 2003 318 2083 ἐξ
341 1987 381 2069 οῦ
405 1992 511 2084 λόγου
532 1992 553 2085 ἦ
575 1991 707 2086 άληθὴς
729 2003 791 2087 τῆς
813 2002 922 2086 ψυχῆς
943 1992 1035 2084 ῦγεία
1055 2003 1111 2067 καὶ
1133 1993 1274 2087 ῆάίδιος
1289 1993 1445 2086 εὐκρασία

129 2105 352 2189 περιγίνεται.
394 2093 499 2166 πάλαι
521 2100 582 2183 μὲν
605 2087 668 2166 οῦν
684 2095 738 2167 διὰ
753 2103 907 2178 Μωσέως
929 2091 948 2167 ό
964 2095 1066 2184 λόγος
1080 2097 1310 2186 ἐπαιδαγώγει,
1327 2097 1444 2168 ἔπειτα
1462 2111 1478 2164 3

65 2217 106 2271 15
129 2207 190 2270 καὶ
213 2196 267 2270 διὰ
289 2203 497 2285 προφητῶν·
527 2192 710 2285 προφήτης
731 2200 766 2265 δὲ
788 2201 844 2266 καί
867 2192 885 2267 ὁ
909 2203 1045 2286 Μωσῆς·
1073 2191 1177 2285 ὁγὰρ
1200 2194 1304 2284 νόμος
1325 2202 1444 2267 παιδα-

132 2304 240 2388 γωγία
255 2302 392 2367 παίδων
406 2298 475 2365 ἐστὶ
493 2300 669 2382 δυσηνίων.
696 2302 963 2383 »χορτασθέντες
978 2303 1091 2385 γοῦνα,
1107 2301 1221 2386 φησίν,
1240 2293 1445 2385 »άνέστησαν

130 2404 298 2483 παίζεινι,
322 2393 363 2466 τό
386 2392 513 2482 ἄλογον
533 2399 595 2482 τῆς
610 2400 741 2482 τροφῆς
755 2391 923 2486 πλήρωμα
935 2393 1118 2486 χόρτασμα,
1141 2393 1182 2467 οῦ
1195 2404 1313 2486 βρῶμα
1327 2396 1444 2467 είπω’ν.

131 2504 208 2570 ἐπεὶ
234 2501 270 2566 δέ
297 2489 432 2581 ἀλόγως
457 2498 680 2581 κορεσθέντες
703 2489 837 2582 ἀλόγως
860 2498 1013 2582 ἐπαιζον,
1046 2495 1099 2568 διὰ
1121 2502 1227 2567 τοῦτο
1250 2492 1367 2579 αῦτοίς
1388 2504 1445 2566 καὶ
1462 2515 1528 2580 911

133 2591 284 2684 όνόμος
314 2599 370 2663 καὶ
392 2587 412 2663 ό
435 2590 542 2679 φόβος
575 2591 689 2662 είπετο
721 2598 768 2674 είς
796 2590 973 2684 ἀνακοπὴν
1001 2591 1253 2685 ἁμαρτημάτων
1283 2602 1339 2666 καὶ
1365 2624 1448 2683 προ·

68 2715 111 2768 20
132 2693 272 2784 τροπὴν
301 2689 604 2780 κατορθωμάτων,
634 2701 851 2782 καταρτίζων
881 2690 1041 2782 εῦηκοῒαν
1068 2691 1184 2778 αῦτοῑς
1211 2700 1274 2764 τοῦ
1296 2691 1448 2784 άληθοῦς

133 2797 371 2882 παιδαγωγοῦ,
402 2789 466 2877 τῆν
497 2787 702 2877 εὐπείθειαν,
733 2792 779 2873 είς
809 2800 864 2862 καλ
896 2788 915 2864 ὁ
943 2791 1045 2877 αὐτὸς
1076 2786 1127 2865 όιν
1158 2790 1258 2882 λόγος
1289 2794 1376 2878 πρὸς
1406 2792 1447 2864 τό

134 2911 342 2980 κατεπεῖγον
363 2886 631 2981 ἁρμοττόμενος·
657 2889 739 2963 »τόν
761 2889 869 2979 νόμον
890 2897 1055 2982 δοθῆναι(
1080 2890 1143 2983 γάρ
1160 2915 1262 2982 φησιν
1278 2889 1297 2964 ὁ
1313 2899 1448 2976 Παῦλος

139 2989 383 3080 »παιδαγωγὸν
405 2996 451 3073 είς
473 2987 656 3079 Χριστόνι,
688 2987 736 3074 ιῦς
758 2996 794 3062 ἐκ
818 2990 944 3063 τοῦτου
965 2999 1135 3081 συμφανὲς
1156 2992 1242 3064 εἶναι
1266 2993 1325 3062 ἐνα
1339 2989 1448 3081 μόνον
1466 3011 1483 3065 2

135 3090 323 3180 άληθινόν,
355 3086 501 3178 άγαθόν,
532 3095 676 3175 δίκαιον,
707 3085 786 3161 κατ’
819 3087 934 3162 εἰκόνα
963 3098 1020 3162 καὶ
1042 3087 1208 3181 ὁμοίωσιν
1235 3097 1298 3163 τοῦ
1319 3091 1450 3178 πατρὸς

73 3211 114 3266 25
136 3192 217 3265 υίόν
237 3189 377 3282 Ἰησοῦν,
400 3186 590 3278 τὸνλόγον
613 3195 677 3260 τοῦ
697 3196 794 3274 θεοῦ,
817 3189 1038 3280 παιδαγωγόν
1060 3187 1156 3282 ῆμῶν
1178 3191 1272 3274 εἶναι,
1296 3183 1325 3280 ᾧ
1347 3196 1450 3278 παρέ-

137 3299 252 3364 δωκεν
288 3287 375 3380 ἡμᾶς
406 3285 425 3362 ό
455 3285 551 3374 θεός,
589 3285 637 3372 τάς
672 3288 786 3378 πατὴρ
824 3287 1051 3380 φιλόστοργος
1082 3299 1210 3380 γνησίῳ
1241 3295 1449 3378 παιδαγωγῷ

227 3543 246 3598 3
273 3539 478 3612 παγκάλως-
499 3541 537 3597 14
564 3543 738 3614 περιγίνεται
755 3543 919 3598 Nicetascat.
947 3562 980 3598 zu
999 3545 1066 3598 Luk.
1086 3545 1136 3612 (13,
1156 3543 1199 3611 19)
1225 3541 1253 3598 in
1277 3543 1366 3597 Vassic.
1386 3545 1451 3598 1611

139 3629 252 3684 61631
271 3629 313 3696 (=
331 3627 374 3693 N).
410 3627 465 3679 Ine.
483 3627 639 3694 κλὴμεντος
657 3631 852 3699 παιδαγωγοῦ·
879 3630 1035 3699 παγκάλως
1051 3630 1100 3684 καί
1125 3627 1176 3683 τὸν
1193 3638 1242 3696 της
1258 3628 1452 3696 παιδαγωγίας

138 3711 254 3781 τρόπον
271 3708 395 3784 Χριστὸς
412 3707 602 3780 ἐξηγούμενος
619 3711 715 3785 κόκκῳ
734 3711 842 3778 νάπυος
858 3717 917 3770 κτλ.
935 3745 968 3753 -
985 3715 1041 3769 Der
1058 3713 1154 3768 zweite
1165 3712 1224 3766 Teil
1237 3729 1291 3767 von
1309 3705 1343 3766 δι’
1356 3709 1453 3780 ὀλίγον

139 3797 183 3867 (8)
211 3827 244 3835 —
271 3795 444 3866 περιγίνεται
469 3795 540 3850 auch
566 3796 673 3852 Monac.
700 3797 733 3852 33
760 3797 778 3849 f.
802 3797 885 3862 209v;
911 3799 1056 3853 lateinisch
1081 3797 1126 3850 bei
1153 3795 1307 3860 Οοιιλετὶιιε,
1340 3796 1397 3850 Cat.
1424 3797 1453 3849 in

139 3883 167 3936 S.
186 3881 256 3936 Luk.
275 3899 303 3950 p.
321 3882 379 3936 353.
398 3909 430 3919 -
448 3880 503 3934 Der
520 3880 630 3948 Schluss,
650 3882 766 3950 anfangs
783 3882 969 3949 umgestaltet,
987 3883 1150 3936 Nicetascat.
1170 3900 1202 3936 zu
1220 3881 1320 3934 Matth.
1340 3881 1390 3948 (13,
1411 3883 1453 3948 31)

140 3965 188 4022 bei
206 3964 360 4031 Gorderius,
379 3963 469 4032 Symb.
488 3965 517 4018 in
535 3965 635 4019 Matth.
654 3969 719 4020 tom.
738 3965 809 4018 alter
826 3984 851 4035 p.
865 3968 916 4021 432
934 3968 977 4034 (=
989 3967 1096 4023 Monac.
1110 3969 1143 4022 36
1160 3967 1179 4019 f.
1191 3967 1280 4034 258vj.
1315 3966 1371 4018 Ine.
1388 3965 1453 4031 κλῆ-

139 4065 259 4116 μεντος·
296 4045 312 4103 ὁ
339 4055 388 4114 τῆς
413 4053 470 4104 τῶν
489 4046 620 4120 οὐρανῶν
642 4048 786 4120 βασιλείας
802 4049 1024 4120 καταγγελτικδς
1041 4051 1127 4122 λόγος
1144 4049 1241 4122 δριμὺς
1258 4046 1311 4116 μέν
1329 4045 1388 4102 ἐστι
1404 4049 1454 4102 καὶ

141 4131 276 4203 δηκτικδς
292 4131 427 4203 καθάπερ
446 4131 480 4188 τό
499 4134 595 4203 σίνηπι
612 4135 727 4201 καὶτῆς
742 4137 831 4202 χολῆς
846 4135 979 4205 βιωτικδς
997 4137 1075 4204 (corr.
1093 4133 1252 4202 μειωτικός)
1265 4162 1298 4170 -
1310 4133 1451 4187 διακοπτι-

141 4217 196 4282 κός
215 4247 246 4256 -
266 4217 448 4287 περιγίνεται.
465 4247 499 4256 -
517 4218 535 4272 4
554 4218 653 4272 Μαέίλι.
673 4219 713 4286 13,
731 4219 778 4282 31;
805 4219 893 4272 Mark.
910 4221 935 4285 4,
954 4221 998 4283 313
1024 4219 1093 4273 Luk.
1112 4221 1151 4282 13,
1172 4219 1203 4272 16
1229 4247 1263 4255 -
1290 4215 1351 4272 164
1366 4213 1453 4270 Exod.

143 4301 186 4368 32,
204 4303 221 4356 6
240 4301 263 4362 ίΙ
281 4300 346 4355 Kor.
365 4303 405 4366 10,
425 4304 450 4368 Y)
469 4331 502 4339 -
520 4301 582 4358 221
597 4303 654 4373 vgl.
673 4301 734 4357 Gal.
753 4303 777 4368 3,
796 4305 830 4357 24
847 4331 880 4340 -
899 4302 939 4357 24
957 4301 1011 4371 vgl.
1032 4303 1098 4357 Gen.
1117 4305 1141 4367 1,
1160 4303 1192 4356 26

232 4518 250 4574 6
269 4510 384 4584 εῦαυξές
401 4519 435 4572 F¹
453 4513 550 4585 εῦαξές
568 4519 660 4574 F*MN
680 4522 685 4588 Ι
709 4521 727 4578 6
746 4516 942 4590 ἐπιτιμήσεως]
960 4520 1011 4574 mit
1027 4549 1061 4558 —
1080 4535 1153 4583 σεως
1170 4517 1287 4588 beginnb
1304 4520 1326 4574 P
1343 4519 1362 4573 f.
1380 4522 1431 4575 571·
1452 4523 1455 4588 1

146 4605 164 4661 8
184 4599 323 4670 πάμπολυ
340 4612 373 4662 <
391 4603 415 4656 Ν
432 4605 435 4670 Ι
453 4604 488 4658 11
517 4603 671 4672 μειωτικόν
689 4606 771 4673 (μειω
788 4604 818 4658 in
836 4605 908 4674 Ru.)
927 4605 1037 4666 P¹120
1063 4595 1160 4667 αὐτοῖς
1178 4604 1208 4658 st
1229 4600 1269 4668 είς
1286 4603 1352 4668 τοὺς
1369 4604 1391 4657 Ρ
1410 4597 1455 4672 ’1η-

146 4693 200 4743 οοῦ
218 4685 296 4740 Schw
313 4686 317 4752 Ι
334 4686 399 4742 201
414 4685 455 4752 εἷς
472 4686 537 4752 τοὺς
554 4696 606 4743 τοῦ
624 4685 751 4757 ἀληθοῦς
768 4691 955 4760 παιδαγωγοῦ
973 4688 1103 4760 <λίγους>
1122 4689 1159 4756 Sy

1191 4774 1244 4828 10*
