3520 5498
523 447 703 518 Paedagogus
721 451 741 503 1.
760 450 824 522 Cap.
843 449 948 514 v1.47,
967 451 1058 517 1-50,
1077 453 1101 504 1.
1408 458 1467 520 119

152 617 392 685 κατακλυσθὲν
423 607 629 700 άποσύρεται
661 610 702 682 τὸ
725 619 868 701 σπέρμα,
900 613 955 686 διὰ
977 618 1012 684 δε
1035 609 1163 702 αύχμόν
1186 620 1321 696 νοτίδος
1343 609 1466 703 άποξη

154 721 319 802 ραίνεται,
344 710 523 800 κολλώδης
545 715 581 781 δὲ
604 706 623 782 δ
644 711 748 801 χυμὸς
770 704 822 783 διν
844 717 972 801 συνέχει
988 710 1030 784 τὸ
1047 720 1176 802 σπέρμα
1189 720 1245 784 καλ
1261 711 1347 802 φύει.
1376 719 1465 796 τινὲς
1484 731 1500 784 3

155 819 270 885 δὲκαὶ
301 811 343 885 τδ
374 817 503 900 σπέρμα
534 817 597 881 τοῦ
628 812 719 901 ζῴου
748 809 862 900 άφρὸν
892 814 977 884 είναι
1004 819 1067 885 τοῦ
1089 815 1231 901 αίματος
1249 809 1325 884 κατ’
1348 811 1467 885 ούσίαν

154 910 395 996 ύποτίθενται,
418 905 437 981 3
460 910 500 1000 δὴ
523 917 566 1000 τῇ
588 909 728 1002 έμφύτῳ
752 919 814 983 τοῦ
837 911 979 1002 ἄρρενος
1000 918 1110 1002 θέρμη
1133 911 1224 1000 παρὰ
1239 911 1299 994 τδις
1321 922 1467 1002 συμπλο-

118 1029 135 1081 5
154 1013 217 1096 κάς
240 1017 450 1100 έκταραχθὲν
465 1007 722 1101 ἐκριπιζόμενοι)
738 1017 942 1099 έξαφρούται
958 1009 1023 1084 κάν
1041 1031 1114 1095 ταῖς
1130 1018 1347 1101 σπερματίσιν
1362 1039 1467 1102 παρα-

156 1121 294 1184 τίθεται
316 1120 457 1199 φλεψίν·
479 1113 642 1182 ἐντεῦθεν
663 1111 726 1200 γάρ
749 1107 768 1183 δ
789 1109 1066 1200 Ἀπολλωνιάτης
1086 1118 1243 1202 Διογένης
1265 1110 1308 1183 τά
1330 1107 1466 1200 άφροδί-

155 1239 212 1283 σια
231 1218 236 1300 Ι
255 1216 445 1300 κεκλῆσθαι
465 1209 632 1294 βούλεται.
1484 1217 1568 1272 1271>

239 1316 426 1400 Συμφανὲς
440 1319 560 1383 τοίνυν
575 1315 612 1381 ἐκ
627 1309 766 1382 τούτων
779 1306 949 1384 ἁπάντων
964 1310 1046 1403 αἷμα
1064 1313 1148 1384 είναι
1163 1317 1227 1385 τοῦ
1241 1309 1469 1402 ἀνθρωπίνου
1484 1327 1549 1394 49,1

156 1411 316 1501 σώματος
346 1411 412 1500 τὴν
442 1407 570 1483 ούσίαν.
610 1416 666 1480 καλ
698 1409 739 1499 δὴ
759 1418 816 1481 καὶ
838 1409 878 1481 τὸ
905 1410 991 1482 κατὰ
1013 1410 1157 1500 γαστρὸς
1179 1409 1220 1482 τὸ
1242 1419 1303 1502 μὲν
1324 1419 1468 1502 πρῶτον

105 1524 138 1579 10
155 1508 263 1601 ύγροῦ
285 1515 355 1581 ἐστι
377 1507 534 1594 σύστασις
556 1507 805 1600 γαλακτοειδῆς,
827 1513 942 1580 ἔπειτα
964 1514 1227 1602 έξαιματουμένη
1241 1519 1425 1604 σαρκοῦται
1447 1509 1467 1602 ἦ

156 1609 314 1694 σύστασις
336 1603 432 1700 αύτη,
455 1616 649 1700 πηγνυμένη
671 1615 707 1680 δὲ
729 1613 767 1682 έν
788 1617 831 1699 τῇ
852 1608 975 1703 ύστέρᾳ
995 1608 1063 1682 ύπδ
1087 1617 1149 1684 τοῦ
1164 1619 1308 1698 φυσικοῦ
1321 1618 1376 1681 καὶ
1391 1621 1468 1699 θερ-

155 1717 223 1799 μοῦ
245 1708 446 1800 πνεύματος,
469 1705 526 1796 εἶφ’
549 1701 589 1780 ού
611 1707 854 1782 διαπλάττεται
877 1707 918 1780 τὸ
941 1713 1094 1799 ἔμβρυον,
1118 1721 1344 1798 ζωογονεῖται.
1379 1708 1501 1786 άλλὰ2

156 1818 213 1882 καλ
243 1807 327 1900 μετά
359 1809 424 1900 τὴν
456 1805 644 1900 ἀποκύησιν
675 1801 774 1894 αὖθις
806 1814 1007 1898 ἐνιτρέφεται
1038 1808 1079 1880 τὸ
1108 1815 1247 1884 παιδίον
1279 1813 1393 1900 αἵματι
1415 1816 1467 1900 τῷ

158 1907 267 1999 αύτῷ·
311 1912 451 1998 αίΙιατος
482 1906 545 1998 γάρ
576 1909 674 1996 φύσις
696 1915 759 1980 τού
780 1907 948 1998 γάλακτος
971 1905 991 1998 ἦ
1012 1909 1117 1997 (λύσις,
1148 1916 1203 1981 καὶ
1225 1909 1315 2000 πηγὴ
1338 1915 1467 1999 τροφῆς

106 2028 138 2078 15
158 2009 200 2082 τὸ
222 2007 318 2099 γάλα,
343 2000 371 2098 ᾧ
395 2007 435 2098 δὴ
457 2016 513 2080 καλ
535 2008 619 2098 γυνὴ
642 2007 727 2099 δήλη
750 2016 895 2081 τεκοῦσα
917 2005 1058 2099 άληθῶς
1079 2016 1135 2080 καί
1155 2005 1274 2100 μήτηρ,
1297 2005 1338 2082 δι’
1355 2001 1394 2080 οὗ
1413 2017 1468 2081 καὶ

159 2117 310 2199 φίλτρον
339 2103 472 2190 εύνοίας
500 2106 761 2199 προσλαμβάνει.
804 2109 858 2180 διά
889 2115 994 2180 τοῦτο
1017 2107 1081 2196 ἄρα
1101 2117 1271 2198 μυστικῶς
1294 2108 1334 2181 τὸ
1357 2114 1395 2180 έν
1416 2117 1466 2199 τῷ

158 2205 345 2299 άποστάλῳ
377 2202 475 2297 άγιον
501 2215 632 2298 πνεῦμα
663 2217 705 2298 τῇ
733 2215 799 2282 ’τοῦ
820 2215 939 2296 κυρίου
970 2205 1215 2299 άποχρυίμενον
1237 2217 1338 2298 φωνῇ
1363 2206 1467 2299 »γάλα

157 2307 243 2400 ύμάς
264 2305 424 2381 έπότισαι
450 2315 546 2397 λέγει.
589 2315 617 2380 εί
639 2307 701 2398 γάρ
718 2305 991 2398 άνεγεννὴθημεν
1006 2311 1052 2390 είς
1068 2306 1227 2397 Χριστόν,
1250 2304 1268 2380 δ
1285 2304 1468 2398 άναγέννή-
1485 2323 1501 2377 3

159 2435 219 2493 σας
241 2404 326 2499 ἡμᾶς
348 2411 503 2498 ἐκτρέφει
525 2413 575 2497 τῷ
598 2414 673 2499 ίδίῳ
696 2405 848 2496 γάλακτι,
870 2415 921 2499 τῷ
945 2404 1049 2499 λόγῳ·
1072 2415 1142 2481 πᾶν
1164 2408 1227 2498 γὰρ
1245 2408 1286 2482 τὸ
1302 2415 1469 2500 γεννῆσαν

104 2525 140 2578 20
159 2515 269 2581 ἔοικεν
299 2505 400 2590 εύθδς
429 2514 587 2597 παρέχειν
617 2515 669 2599 τῷ
697 2514 902 2597 γεννωμένῳ
925 2504 1065 2598 τροφήν.
1109 2506 1267 2598 καθάπερ
1289 2515 1325 2580 δὲ
1347 2505 1367 2598 ἦ
1390 2507 1468 2580 άνα-

70 2655 71 2658 =
158 2617 323 2701 γέννησις,
346 2604 525 2697 άναλὸγως
547 2605 660 2691 οὕτως
681 2615 736 2678 καὶ
759 2603 779 2696 ἡ
802 2607 914 2697 τροφὴ
936 2615 1073 2704 γέγονεν
1096 2617 1146 2700 τῷ
1168 2605 1345 2699 άνθριύπῳ
1368 2637 1467 2680 πνευ

158 2707 291 2801 ματικίγ.
333 2706 448 2796 πάντη
472 2716 592 2780 τοίνυν
614 2704 705 2797 ἡμεῖς
727 2704 770 2778 τά
792 2704 907 2779 πάντα
930 2714 1066 2797 Χριστῷ
1089 2709 1390 2799 προσῳκειώμεθα,
1413 2716 1500 2781 κα14

159 2817 207 2893 είς
229 2814 423 2898 συγγένειαν
445 2807 498 2879 διὰ
521 2805 562 2879 τὸ
586 2807 666 2897 αίμα
687 2803 802 2892 αύτοῦ,
826 2797 854 2896 ᾧ
878 2807 1102 2896 λυτρούμεθα,
1122 2815 1178 2878 καὶ
1193 2811 1239 2890 είς
1254 2806 1468 2896 συμπάθειαν

160 2909 215 2982 διὰ
249 2909 312 3000 τὴν
342 2903 543 2998 άνατροφίγν
574 2908 638 2996 τὴν
668 2911 705 2978 ἐκ
732 2912 795 2978 τοῦ
817 2904 931 2995 λόγου,
962 2914 1017 2978 καὶ
1040 2912 1087 2988 είς
1109 2902 1304 2994 ἀφθαρσίαν
1326 2907 1380 2978 διὰ
1403 2907 1468 2996 τὴν

106 3023 140 3076 25
159 3005 300 3099 άγωγὴν
321 3007 387 3097 τὴν
408 3004 529 3080 αὐτοῦ·

475 3122 516 3194 τὸ
539 3131 663 3211 θρέψαι
684 3120 714 3193 δ>
737 3128 775 3194 έν
798 3131 947 3212 βροτοῖσι
967 3119 1134 3205 πολλάκις

372 3230 480 3296 πλείω
503 3231 633 3313 πορίζει
655 3231 782 3312 φίλτρα
803 3229 868 3296 τοῦ
888 3229 990 3309 φῦσαι
1012 3228 1123 3294 τέκνα.

159 3360 202 3432 τὸ
235 3356 319 3430 αύτὸ
341 3358 406 3446 άρα
426 3363 483 3428 καί
506 3357 585 3447 αίμα
606 3363 662 3429 καί
693 3356 778 3446 γάλα
800 3364 863 3428 τοῦ
885 3365 1002 3446 κυρίου
1023 3353 1158 3439 πάθους
1180 3363 1236 3427 καί
1255 3359 1469 3438 διδασκαλίας

160 3459 338 3549 σύμβολον.
356 3464 498 3545 ’ἐφεῖται
520 3463 701 3547 τοιγαροῦν
716 3454 814 3547 ἡμῶν
830 3455 960 3547 ἑκάστῳ
976 3463 1051 3528 τῶν
1070 3462 1074 3544 Ι
1095 3462 1230 3544 νηπίων
1244 3460 1468 3544 έγκαυγάσθαι
1484 3477 1517 3530 47
1527 3471 1544 3525 S
1556 3473 1621 3538 50,1
1638 3467 1656 3495 ·“

107 3575 142 3629 30
160 3567 212 3649 τῷ
232 3567 345 3649 κυρίῳ,
367 3561 668 3648 έκιφθεγγομένσις

248 3747 266 3803 8
283 3747 339 3817 vgl.
359 3745 448 3800 Galen
466 3745 504 3798 IV
519 3746 575 3800 183.
598 3747 647 3800 531
666 3774 699 3784 -
718 3744 762 3801 δέ
776 3743 832 3815 vgl.
845 3743 930 3806 Diels,
943 3743 1072 3801 vorsokr.
1085 3747 1143 3808 315,
1155 3745 1189 3798 48
1202 3775 1233 3783 -
1249 3745 1320 3801 141.
1335 3743 1397 3800 191
1411 3745 1467 3815 vgl.

161 3831 243 3887 Plato
255 3830 361 3885 Menex.
380 3848 405 3900 p.
418 3829 503 3885 23711
521 3835 578 3885 πᾶν
591 3827 646 3900 γὰρ
663 3827 697 3884 τδ
715 3826 799 3884 τεκδν
816 3831 926 3900 τροφὴν
944 3823 1002 3898 ἔχει
1019 3826 1178 3900 ἐπιτηδείαν
1196 3818 1219 3902 ᾧ
1234 3825 1269 3886 ἂν
1282 3829 1360 3899 τέκῃ·
1379 3819 1401 3904 ᾧ
1419 3830 1469 3885 καί

161 3915 230 3986 γυνη
243 3916 309 3984 δήλη
322 3912 442 3971 τεκοῦσά
455 3932 485 3970 τε
499 3910 613 3983 ἀληθῶς
631 3915 680 3969 καί
697 3915 749 3982 μή,
767 3909 827 3970 ἀλλ’
840 3909 1065 3986 ὑποβαλλομένη,
1083 3911 1133 3970 έὰν
1145 3916 1184 3983 μη
1198 3907 1247 3984 έχη
1259 3911 1351 3983 πηγδις
1361 3923 1470 3984 τροφΐγς

160 4007 201 4072 τῷ
213 3998 389 4073 γεννωμένῳ.
412 3999 485 4053 ΡΙυίι.
497 3999 565 4054 Mor.
577 4015 603 4068 p.
617 3998 688 4054 301)
701 4029 734 4036 -
747 3999 782 4054 11
796 3998 831 4054 11
844 3998 907 4054 Kor.
920 4001 944 4063 3,
957 3999 973 4052 2
986 4028 1018 4036 -
1031 3999 1095 4055 261
1110 3999 1205 4053 Biotus
1216 3999 1259 4052 Fr.
1273 4001 1286 4052 1
1300 3997 1369 4051 TGF
1382 4017 1407 4068 p.
1419 3999 1470 4054 825

248 4150 266 4205 5
284 4145 511 4218 έκραπιζδμενον
529 4150 557 4203 M
568 4150 626 4205 Cat.
643 4152 647 4218 Ι
663 4149 878 4218 σπερματίτισιν
895 4149 924 4202 L.
943 4149 1066 4212 Dindorf,
1084 4149 1162 4203 Thes.
1173 4148 1224 4202 VII
1242 4165 1267 4218 p.
1286 4150 1335 4203 585
1350 4149 1354 4216 Ι
1370 4147 1412 4203 θῐ
1427 4143 1468 4203 έν-

163 4237 265 4291 τεῦθεν
282 4265 314 4272 -
331 4233 473 4307 βούλεται]
491 4231 625 4292 ἐντεῦθεν
650 4237 699 4290 καί
724 4231 759 4290 τὰ
786 4231 939 4303 ἀφροδίσια
956 4232 1088 4303 κέκληται
1108 4234 1166 4287 Cat„
1190 4242 1194 4300 Ι
1218 4234 1237 4288 9
1255 4233 1304 4288 καὶ
1320 4233 1352 4300 δὴ
1370 4233 1419 4286 καί
1436 4260 1469 4269 -

165 4320 202 4375 12
221 4321 404 4389 ζωογονεῖται
416 4329 449 4378 <
461 4319 489 4372 Μ
503 4321 561 4374 (λεί.
577 4323 580 4388 Ι
598 4320 635 4377 11
655 4317 723 4388 αὐτη
736 4319 757 4372 F
772 4321 776 4388 Ι
794 4320 831 4376 13
851 4316 1008 4387 ἀποκύησιν
1019 4319 1047 4372 Μ
1061 4319 1119 4374 Cat.
1138 4315 1236 4384 κύησιν
1254 4316 1275 4370 F
1290 4320 1294 4384 Ι
1312 4317 1349 4372 15
1366 4317 1469 4387 μήτηρ]

163 4406 202 4472 μή
214 4403 261 4456 wi
278 4404 343 4474 (ng.
356 4403 446 4470 Plato)
463 4404 466 4470 Ι
484 4404 521 4459 16
538 4402 572 4459 ιδ
585 4405 619 4458 F¹
631 4411 670 4475 τῷ
683 4405 719 4458 F*
735 4407 739 4472 Ι
755 4405 796 4460 211
814 4398 916 4473 ἔοικεν]
934 4397 1037 4460 εἴωθεν
1048 4400 1196 4456 Markland
1210 4404 1215 4466 Ι
1231 4401 1268 4456 21
1289 4395 1469 4470 <ιίνα>τροφύ

164 4488 243 4542 8ο1ιπ
258 4489 262 4556 Ι
278 4489 316 4544 22
336 4487 424 4558 ἡμεῖς]
442 4491 491 4544 καί
504 4489 586 4558 ἡμεῖς
598 4491 657 4544 Cat.
673 4491 676 4556 Ι
692 4495 809 4560 γριοτῶι
822 4507 866 4544 am
880 4488 958 4543 Rand
968 4488 1001 4541 F¹
1016 4491 1021 4555 Ι
1035 4483 1298 4559 προσωικειάιμεθα
1315 4487 1337 4542 F
1355 4501 1468 4556 προσοι-

164 4569 309 4641 κειόιμεθιι
327 4573 355 4627 Μ
373 4573 636 4644 προσοικειούμεθα
655 4575 734 4640 Cat-l
758 4574 797 4629 28
815 4573 979 4643 συνγένειαν
997 4573 1025 4627 Μ
1050 4577 1054 4639 Ι
1079 4573 1115 4627 25
1132 4573 1182 4640 τὴν
1201 4569 1298 4640 αὐτοῦ]
1315 4577 1367 4626 τοῦ
1384 4567 1471 4624 αὐτοῦ

165 4658 222 4712 Cat.
239 4659 243 4724 Ι
258 4657 295 4712 21
315 4659 462 4730 πορίζεται
480 4659 538 4714 Cat.
555 4660 613 4729 {28
631 4658 665 4716 τδ
684 4657 754 4714 αύτδ
773 4691 806 4698 -
827 4661 890 4730 120,
910 4661 926 4714 1
946 4652 1019 4715 εἶναι
1036 4669 1069 4718 <
1088 4659 1146 4713 Cat.
