3520 5480
321 385 380 446 312
909 375 1042 430 Clemens.

321 545 502 628 πυραμίδες
533 545 568 609 δὲ
591 537 783 628 ἐκλήθησαν
811 535 879 611 άπό
910 545 972 610 τοῦ
999 539 1200 630 συναγωγὴν
1222 543 1308 629 ἔχειν
1331 537 1452 631 όμοίαν
1474 555 1591 632 φλογῑ,
1618 539 1638 632 γ]
1738 539 1739 588 1

321 645 375 709 καὶ
406 638 562 729 πέμματά
585 637 662 710 τινά
692 643 785 710 ἐστιν
817 643 854 708 ἐκ
876 644 1018 722 στέατος
1044 635 1065 726 ἢ
1088 640 1240 729 σησάμου
1268 647 1484 731 πυραμοειδῆ.
1534 649 1570 714 οἳ
1601 651 1639 714 δὲ

321 744 508 830 πυραμίδας
538 746 721 832 κεκλῆσθαι
752 734 821 808 άπὸ
844 743 907 808 τοῦ
928 735 1097 826 σχήματος
1119 740 1295 830 τοῦπαρὰ
1317 760 1389 826 τοῖς
1413 750 1640 832 γεωμέτραις·

321 849 465 928 πυραμὶς
496 837 558 928 γάρ
588 843 659 910 ἐστι
690 843 796 926 σχῆμα
827 836 1189 928 παραλληλόγραμμον,
1212 845 1374 913 ἐπίπεδον
1396 841 1470 912 άνιο
1492 847 1551 913 ἐπὶ
1575 850 1640 932 τῆς

287 943 472 1028 ὁκορυφῆς
504 947 676 1028 τρίγωνον
706 941 794 1026 ἔχον,
826 930 866 1009 ού
897 935 917 1026 ἦ
947 935 1041 1021 βάσις
1065 946 1124 1026 μία
1146 943 1216 1010 ἐστὶ
1239 945 1313 1010 τῶν
1333 948 1547 1030 μικροτέρων
1573 940 1639 1014 τὀῦ

320 1035 678 1128 παραλληλογράμμου
708 1034 862 1108 εὐθειῶν.
912 1036 1017 1124 τάφοι
1048 1044 1085 1108 δέ
1114 1045 1206 1123 εἰσιν,
1240 1036 1287 1122 τός
1318 1041 1412 1129 ἔφην,
1443 1049 1498 1111 καὶ
1522 1039 1637 1116 αύταί,

323 1135 438 1228 ὥσπερ
459 1138 579 1208 καὶτὰ
601 1137 795 1227 μαυσοόλεια
819 1134 886 1208 άπὸ
910 1143 973 1210 τοῦ
994 1144 1178 1221 κτίσαντος
1198 1147 1255 1210 καὶ
1278 1137 1469 1223 δεδωκότος
1492 1148 1638 1214 τοιοῦτο

323 1243 430 1326 σχῆμα
452 1237 518 1326 τὴν
540 1244 772 1326 προσηγορίαν
794 1235 968 1325 εἰληφότα.
990 1242 1052 1306 ΡΜ

406 1347 453 1422 38,
475 1347 515 1409 20
546 1337 747 1427 μαυσαόλεια]
778 1334 968 1420 Μαύσωλος
1003 1342 1137 1426 ἐγένετο
1168 1332 1374 1428 Ἑκατόμνου
1409 1348 1472 1411 τοῦ
1509 1350 1641 1429 Καρίας

273 1455 305 1509 10
323 1433 493 1525 τυράννου
516 1433 662 1524 άδελφὸς
686 1433 860 1526 δυνάστης,
884 1429 921 1518 ός
943 1441 1093 1527 ἐπιφανῆ
1117 1435 1230 1523 τάφον
1253 1439 1362 1528 ἑαυτῷ
1378 1439 1637 1516 κατεσκεύασεν,
1738 1501 1739 1528 ,

324 1529 428 1622 όσπερ
450 1529 593 1623 ὕστερον
616 1533 665 1620 τός
686 1534 780 1623 ἱερόν
801 1539 973 1626 ἐνομίσθη.
996 1541 1057 1606 ΡΜ
1738 1529 1739 1536 ¹

406 1635 618 1723 λαβύρινθοι]
651 1633 857 1722 λαβύρινθος
879 1640 977 1724 ἔργον
1006 1643 1068 1724 μὲν
1096 1630 1138 1723 ἦν
1160 1635 1336 1720 Δαιδάλου,
1358 1646 1578 1726 θεατροειδές
1602 1647 1637 1710 δὲ

324 1743 379 1807 καὶ
400 1725 627 1807 πολυέλικτον
649 1741 764 1822 σχῆμα,
792 1731 1028 1820 άδιεξόδεοτον
1050 1755 1122 1818 τοῖς
1145 1731 1304 1824 άπείροις,
1336 1741 1372 1808 ἐν
1395 1731 1423 1828 ᾧ
1446 1749 1636 1826 καθειρκτο

324 1829 342 1906 ό
365 1833 603 1924 Μινώταυρος,
626 1843 750 1924 θηρίον
772 1863 806 1904 τι
829 1840 943 1920 διφυὲς
965 1838 1000 1920 ἐξ
1022 1831 1214 1924 ἀνθρώπου
1234 1843 1291 1906 καὶ
1306 1834 1392 1920 βοός,
1414 1834 1563 1926 γεγονός,
1588 1836 1636 1920 ὥς

274 1961 306 2014 15
328 1956 419 2022 φασι,
432 1932 619 2023 ,Πασιφάης
632 1941 695 2005 καὶ
719 1931 804 2016 Λιός.
827 1939 888 2003 ΡΜ

408 2045 456 2118 39,
482 2046 519 2105 12
542 2032 608 2122 πρό
632 2041 860 2119 τῶνπυλῶν]
885 2031 947 2104 τόν
963 2042 1090 2119 Λοξίαν
1111 2033 1178 2123 πρό
1203 2041 1275 2105 τῶν
1296 2043 1418 2122 θυροῦν
1438 2040 1583 2107 ἵστασαν
1607 2041 1638 2107 οἱ
1738 2077 1739 2080 ¹

324 2131 497 2222 Ἀθηναῖοι
525 2134 665 2216 ἕκαστος
690 2139 745 2202 καὶ
771 2132 1004 2221 προσεκύνουν
1026 2139 1081 2204 καὶ
1102 2133 1218 2224 βωμὸν
1240 2134 1323 2224 παρ’
1348 2133 1453 2206 αύτόν
1475 2135 1637 2224 ἱδρύοντο
1738 2131 1739 2206 Ῐ

325 2231 545 2322 στρογγύλον,
576 2239 632 2301 καὶ
662 2239 835 2320 μυρρίναις
865 2239 1114 2318 στεφανοῦντες
1145 2231 1290 2306 ἐκάλουν
1312 2243 1446 2321 Λοξίαν,
1480 2235 1547 2326 τὴν
1574 2244 1637 2308 τοῦ

324 2328 406 2422 παρ’
438 2328 555 2412 αύτοίς
586 2338 669 2401 θεοῦ
699 2341 928 2421 προσηγορίαν
958 2339 1117 2420 νέμοντες
1148 2340 1199 2422 τῷ
1230 2341 1345 2423 βωμῷ.
1388 2339 1551 2406 ἐντεῦθεν
1582 2344 1636 2406 καὶ

273 2447 306 2501 20
325 2431 417 2521 παρὰ
439 2448 512 2511 τοῖς
533 2449 695 2519 κωμικοῖς
718 2437 750 2502 οἱ
773 2429 920 2517 ἐξιόντες
942 2431 1107 2504 κόπτουσι
1123 2431 1183 2514 τὰς
1199 2431 1316 2520 θύρας,
1340 2432 1428 2504 διότι
1443 2431 1503 2523 ούχ
1520 2433 1635 2520 ὥσπερ

325 2527 407 2619 παρ’
444 2527 524 2620 ἡμῖν
562 2537 622 2601 νῦν
658 2530 699 2601 τό
730 2529 879 2602 παλαιόν
910 2528 1127 2619 άνεηόγνυντο
1159 2535 1192 2602 al
1222 2529 1336 2618 θύραι,
1378 2529 1455 2603 ἄλλ’
1487 2537 1634 2622 ἐναντίῳ

325 2629 461 2719 τρόπῳ·
492 2631 623 2716 ἔξωθεν
645 2629 706 2719 γάρ
729 2627 833 2713 αῦτόις
851 2626 1107 2719 ἀνατρέποντες
1129 2633 1271 2703 ἐνδοθεν
1293 2631 1440 2720 ἐξῄεσαν,
1462 2630 1635 2720 πρότερον

325 2737 361 2802 δέ
388 2738 431 2819 τῇ
452 2738 536 2818 χειρὶ
562 2725 682 2817 ψόφον
709 2734 849 2802 ἐποίουν
870 2730 1054 2820 κρούοντες
1076 2733 1130 2800 ἐπὶ
1153 2729 1346 2819 τὸγνῶναι
1369 2732 1449 2813 τούς
1470 2731 1538 2820 πρό
1563 2741 1635 2804 τῶν

325 2836 445 2921 θυρῶν
472 2827 535 2900 τόν
558 2835 686 2915 Λοξίαν
707 2836 986 2917 προσκυνοῦντας
1008 2836 1063 2900 καὶ
1086 2827 1298 2916 φυλάξασθαι
1319 2829 1363 2920 μὴ
1386 2829 1529 2904 λάθοιεν
1551 2844 1634 2920 πλη-

274 2945 306 3000 25
323 2933 439 3018 γένυες
463 2937 537 3001 τῶν
559 2936 678 3016 θυρῶν
700 2932 786 3015 πρὸς
808 2930 849 3001 τό
873 2933 938 3014 ἐξω
962 2925 1180 3018 ὠθουμένων.
1203 2935 1282 3000 P²M

408 3040 457 3116 39,
479 3039 519 3101 26
547 3024 725 3114 σπάλακες]
751 3025 838 3110 εἶδός
860 3033 931 3099 ἐστι
954 3029 1053 3118 ζῴου.
1076 3026 1160 3116 άπερ
1183 3031 1219 3098 ἐκ
1241 3035 1378 3118 γενετῆς
1401 3034 1472 3099 ἐστι
1494 3026 1635 3115 τυφλόν,

325 3141 477 3200 καλεῖται
500 3134 535 3200 δὲ
556 3135 610 3200 καὶ
634 3126 795 3213 ἀσπάλαξ.
817 3132 879 3197 ΡΜ

408 3237 458 3313 40,
480 3241 517 3300 21
543 3234 648 3298 τοῦτο
672 3226 822 3316 ἄμεινον]
845 3225 979 3298 άστεῖον
1001 3233 1106 3299 τοῦτο
1128 3233 1184 3299 καὶ
1207 3225 1343 3314 αῦραῑον.
1365 3235 1417 3298 Μέ
1535 3289 1539 3296 ,

409 3341 459 3412 40,
482 3333 544 3398 251
564 3329 596 3397 αἱ
620 3331 655 3396 δὲ
676 3323 854 3415 χελιδόνες]
877 3333 1059 3398 καὶτοῦτο
1082 3326 1169 3413 άγαν
1192 3324 1335 3398 άστείον.
1358 3333 1408 3397 Μ3

276 3441 310 3494 30
411 3421 764 3514 40,18Ἐπιδαορίοο]
787 3421 990 3514 Ἐπίδαυρος,
1021 3431 1084 3498 τοῦ
1102 3421 1241 3516 Ἀργους
1267 3423 1375 3514 πόλις,
1407 3423 1500 3514 ἱερόν
1521 3423 1636 3498 ’Λπόλ-

328 3537 444 3608 λωνος.
465 3531 528 3595 ΡΜ

410 3623 589 3711 Πολιάδος]
614 3625 743 3708 Πολιάς
764 3619 925 3716 Ἀθήνησι
948 3631 1094 3712 τιμᾶται,
1124 3621 1167 3713 ἢν
1188 3633 1243 3697 καὶ
1265 3632 1453 3715 πολιοῦχον
1477 3633 1638 3715 λέγουσιν,

329 3729 509 3814 ἱδρυμένην
532 3729 569 3794 ἐν
591 3731 634 3813 τῇ
657 3721 848 3814 ἀκροπόλει.
870 3731 933 3795 ΡΜ

412 3837 461 3908 41,
490 3837 526 3895 11
549 3820 739 3912 Ἀμαζόνας]
772 3829 875 3908 ἔθνος
905 3823 1081 3898 Σκυθικόν
1112 3823 1268 3914 άνδρεῑον
1284 3830 1353 3896 Κκαὶ
1384 3822 1555 3911 άνδρώδες
1586 3833 1638 3894 καὶ

278 3942 310 3994 35
329 3923 515 4014 πρόσοικον
537 3943 610 4006 τοῖς
634 3921 788 4012 Κόλχοις.
810 3929 873 3993 ΡΜ

416 4045 528 4102 16-25
548 4045 602 4115 vgl.
622 4045 766 4100 Helladius
783 4046 828 4100 bei
846 4046 961 4102 Photius
974 4047 1039 4101 cod.
1052 4048 1102 4100 279
1120 4048 1154 4116 (p.
1168 4047 1248 4108 5351),
1267 4044 1328 4101 26ff
1344 4037 1476 4114 Bekke'r);
1494 4044 1551 4114 vgl.
1571 4045 1637 4120 αυοίι

331 4131 433 4200 Haupt,
452 4131 566 4184 Hermes
584 4135 598 4185 1
618 4131 705 4198 (1866)
724 4148 749 4199 p.
768 4133 819 4187 400
837 4161 869 4170 -
890 4131 1023 4200 261ng
1043 4130 1196 4198 Hesychius
1215 4148 1234 4184 ε.
1253 4147 1278 4184 v.
1298 4129 1410 4196 σπάλαξ

417 4232 457 4287 11
471 4221 488 4302 ᾗ
505 4263 539 4271 -
558 4229 633 4287 ἐστιν
646 4232 692 4286 wi
711 4231 771 4300 ἢ-
785 4225 858 4288 είναι
876 4233 947 4300 ΡΜ]
964 4234 982 4287 2
1002 4230 1123 4299 σισάμου
1135 4233 1186 4286 ΡΜ
1202 4233 1207 4300 Ι
1223 4232 1241 4287 θ
1259 4232 1417 4301 πυραμίδας
1429 4231 1471 4285 M²
1488 4233 1639 4301 πυραμίδες

329 4315 396 4370 ΡΜ*
413 4317 418 4384 Ι
434 4317 453 4372 5
471 4311 537 4386 ἔχον
556 4316 670 4371 Schinae
688 4310 761 4388 ἔχων
778 4317 830 4370 ΡΜ
846 4321 850 4361 Ι
867 4317 885 4374 6
905 4308 987 4372 αὗται
1004 4318 1040 4370 Ρ3
1055 4323 1058 4381 Ι
1076 4317 1090 4370 7
1112 4316 1260 4380 δεδοκδτος
1272 4315 1344 4383 ΡΜ]
1363 4316 1398 4370 11
1418 4310 1508 4383 ὅσπερ
1529 4316 1637 4370 Schinae

331 4397 403 4470 ὅπερ
420 4400 472 4454 ΡΜ
497 4404 501 4468 1
527 4399 563 4456 14
588 4402 658 4471 βοός
675 4401 722 4455 Wi
740 4401 799 4467 διὸς
817 4402 868 4454 ΡΜ
892 4403 896 4468 Ι
922 4402 959 4458 15
981 4403 1126 4470 πασιφοίης
1143 4401 1186 4454 Μέ
1205 4403 1339 4470 παηφαὴς
1355 4399 1498 4468 ΡΜ*119
1525 4403 1596 4456 θεοῦ
1613 4400 1637 4452 in

330 4486 393 4539 Bas.
411 4485 465 4552 1³²1
481 4485 519 4540 24
539 4484 719 4554 φυλάξασθαι
737 4487 807 4552 (ασθ
823 4487 853 4540 in
870 4486 943 4554 Rae.)
961 4486 1015 4554 1³²1
1032 4487 1070 4542 32
1089 4483 1190 4550 πολιὰς
1207 4485 1249 4537 Μ2
1266 4485 1348 4550 πόλις
1359 4483 1426 4538 ΡΜ*
1441 4487 1446 4552 Ι
1462 4484 1500 4539 115
1518 4484 1638 4554 Κόλχοις

330 4570 563 4638 Ηευρ1,11ειιαεε
583 4573 595 4623 1
615 4571 702 4638 (1866)
721 4588 745 4641 p.
764 4571 798 4627 38
814 4571 921 4635 κόιλσις
938 4571 960 4624 Ρ
978 4571 1086 4635 κοίλοις
1103 4571 1131 4624 Μ
