3520 5480
346 420 406 484 318
935 417 1069 473 Clemens.

431 587 479 660 83,
502 587 521 650 8
544 576 663 668 ἄκραν]
690 577 842 667 κρημνὸν
863 577 1023 668 χαλεπόν.
1046 585 1097 650 M³

429 686 477 760 83,
502 689 540 748 16
562 683 752 766 πορνίδιον]
776 677 842 768 τὴν
865 686 994 769 Κίρκην
1017 683 1213 750 αἰνίττεται.
1235 683 1287 748 M²

431 786 480 860 83,
505 788 542 846 17
567 773 665 865 δεῦρ’]
690 780 723 848 αἱ
745 783 907 866 Σειρῆνες
931 785 1036 850 τοῦτο
1059 776 1145 867 πρὸς
1159 775 1310 848 Ὀδυσσέα
1325 785 1436 864 φασιν.
1460 783 1514 846 M²

431 886 479 959 83,
503 887 542 948 22
564 881 656 965 μηδὲ]
678 872 837 948 Ἡσιόδου.
860 883 911 946 M²
1733 959 1734 964 γ

310 991 327 1043 5
431 987 479 1056 84,
504 989 538 1047 11
565 975 733 1066 δύσαγνον
752 985 967 1066 κρεανομίαν]
993 975 1068 1068 ω’μὰ
1089 976 1154 1067 γὰρ
1174 973 1299 1066 ἢσθιον
1319 981 1400 1064 κρέα
1422 981 1454 1048 οἱ
1477 975 1657 1066 μυούμενοι
1733 971 1734 1008 ³

348 1073 510 1178 Διονύσῳ,
534 1082 650 1165 δεῖγμα
672 1083 777 1148 τοῦτο
801 1076 999 1167 τελούμενοι
1022 1083 1085 1147 τοῦ
1108 1080 1315 1166 σπαραγμοῦ,
1339 1069 1528 1165 ῦνῦοιέστη
1547 1074 1658 1148 Διόνο-

347 1196 404 1255 σος
426 1169 493 1244 ῦπό
513 1182 587 1246 τῶν
602 1172 799 1248 Μαινάδων.
821 1181 900 1246 P²M

431 1277 464 1344 αδ
486 1281 550 1346 τοῦ
572 1281 658 1348 θεοῦ
679 1283 875 1364 θυγατέρες]
899 1275 961 1358 τὰς
982 1273 1190 1366 μοναζούσας
1213 1279 1308 1362 λέγει.
1329 1279 1381 1343 M2

431 1383 479 1459 86,
503 1387 540 1448 10
563 1374 672 1461 κοινὰ]
693 1379 730 1446 ἐκ
746 1381 808 1465 τῆς
822 1383 1002 1466 παροιμίας
1019 1379 1250 1463 συλλογίζεται
1265 1380 1328 1446 τοῦ
1343 1381 1532 1460 θεοφιλοῦς
1547 1374 1658 1447 πάντα

297 1479 329 1533 10
347 1472 434 1542 εἶναι
457 1471 499 1544 τὰ
522 1481 584 1546 τοῦ
608 1480 701 1558 θεοῦ,
725 1470 813 1546 διότι
835 1471 950 1546 πάντα
973 1481 1037 1546 τοῦ
1053 1480 1144 1574 θεοῦ
1165 1477 1266 1546 ἐστιν.
1289 1481 1340 1544 M²

433 1663 451 1718 4
470 1661 573 1718 Ηεείοδ
591 1662 641 1734 Op.
660 1663 729 1718 373f
744 1692 777 1702 -
795 1663 814 1718 θ
833 1660 888 1732 vgl.
908 1663 1007 1717 Zenob.
1026 1662 1063 1716 lv
1083 1665 1127 1726 79;
1145 1663 1269 1733 Apostol.
1288 1663 1325 1717 IX
1344 1663 1377 1718 88

432 1813 450 1868 ὅ
469 1810 573 1882 ἤσθιον
591 1813 629 1868 Di
647 1807 757 1870 εἴσθιον
774 1812 840 1868 P²M
