3532 5470
282 399 345 453 XIV
759 398 883 452 Clemens
901 398 1110 454 Alexandrinus.

362 567 522 632 Malalas
553 568 581 632 X
612 589 641 650 p.
665 573 725 632 212
757 567 856 632 Bonn.
888 559 1155 651 Συνεγράφαντο
1187 568 1295 632 ταῦτα
1324 564 1356 633 σί
1387 564 1588 650 σοφώτατοι

285 659 422 752 Κλήμης
444 670 500 732 καί
526 661 688 744 Τατιανδς
711 664 743 733 el
765 658 1020 749 χρονογράφοι.1

363 769 497 834 Chron.
514 767 668 850 peseh.I
690 789 719 850 p.
738 774 774 832 14
790 766 891 830 Bonn.
914 757 1012 831 Ἀλλά
1033 768 1088 830 καὶ
1112 759 1258 850 Κλήμης,
1282 756 1301 832 6
1324 756 1515 846 ὁσιώτατος
1530 769 1590 848 τῆς

280 861 526 950 ἶ-ίλεξανδρέων
548 866 723 950 ἐκκλησίας
747 863 896 949 γεγονῶς
918 859 1037 949 ἱερεύς,
1069 857 1294 950 ἀρχαιότατος
1319 869 1374 932 καί
1397 859 1438 932 οδ
1459 863 1591 951 μακρὰν

281 971 356 1034 τῶν
371 960 613 1034 άποστολικῶν
628 957 809 1049 γενόμενος
821 957 967 1048 χρόνων,
991 964 1027 1032 ἰν
1043 968 1094 1050 τῷ
1110 967 1191 1048 Περὶ
1208 966 1271 1032 τοῦ
1285 959 1395 1049 πάσχα
1411 959 1503 1052 λόγῳ
1519 973 1590 1032 κτλ.

279 1068 358 1152 (egl.
381 1074 473 1132 unler
495 1071 556 1130 den
578 1065 812 1150 Fragmenten).

364 1166 525 1234 Pholius
548 1166 595 1230 De
618 1163 648 1228 S.
671 1165 750 1248 Spir.
771 1169 864 1247 mysl.
880 1171 919 1230 75
947 1155 1072 1230 Ἑάσειν
1102 1189 1160 1248 μοι
1192 1167 1282 1232 δοκῶ
1309 1158 1508 1232 Πάνταινον
1536 1169 1592 1232 καὶ

286 1259 463 1351 Κλῆμεντα
501 1257 637 1348 Πιέριάν
674 1287 712 1328 τε
741 1268 797 1329 καὶ
824 1256 1006 1347 Πάμφιλον
1036 1266 1092 1331 καί
1123 1257 1364 1349 θεόχνωστον,
1402 1261 1526 1346 ἄνδρας
1556 1289 1590 1331 τε

283 1360 393 1450 ἱεροὺς
415 1367 470 1431 καὶ
494 1366 567 1430 τῶν
595 1363 697 1446 ἱερῶν
728 1356 948 1440 διδασκάλους
978 1357 1206 1448 μαθημάτων,
1239 1352 1290 1431 ῶν
1321 1360 1382 1443 τάς
1413 1367 1523 1443 θέσεις
1554 1357 1594 1432 06

283 1457 392 1541 πάσας
412 1458 555 1540 πάντως
578 1454 764 1546 δεχόμενοι,
795 1464 903 1542 καλοῦ
932 1486 968 1545 γε
998 1467 1073 1544 βίου
1102 1467 1157 1530 καί
1189 1467 1250 1549 τῆς
1277 1459 1382 1548 άλλης
1408 1465 1593 1549 ἱερολογίας

287 1566 384 1648 γέρας
407 1555 524 1640 αὐτοῖς
546 1553 789 1646 ἀπονέμοντες,
822 1557 874 1627 διά
906 1565 1037 1646 πολλῆς
1064 1565 1161 1648 τιμῆς
1188 1566 1243 1630 καὶ
1267 1557 1438 1649 ἀποδοχῆς
1461 1560 1592 1650 άγομεν.

286 1665 368 1730 Bibl.
391 1667 459 1729 eod.
478 1669 535 1730 118
558 1655 728 1747 ’.(ἰριγένην
823 1654 998 1747 άκρσατῆν
1020 1665 1073 1728 καί
1097 1655 1257 1747 διάδοχον
1280 1666 1415 1748 λέγουσι
1437 1665 1593 1748 γενέσθαι

288 1758 484 1850 Κλήμεντος
507 1764 571 1830 τοῦ
590 1763 830 1846 Στρωματέως
851 1765 907 1828 καὶ
930 1764 993 1829 τοῦ
1015 1759 1102 1829 κατά
1125 1758 1190 1847 τῆν
1210 1756 1460 1845 Ἀλεξανδρείαν
1481 1763 1594 1848 ἐκκλη-

285 1865 459 1930 οιαστικοῦ
490 1863 732 1929 διδασκαλείου.
776 1856 957 1948 Κλῆμεντα
987 1863 1023 1928 δὲ
1049 1866 1246 1930 Πανταίνου
1278 1864 1434 1946 γενέσθαι
1465 1865 1594 1947 λέγουσι

283 1966 336 2028 καὶ
360 1955 533 2048 άκροατῆν
554 1965 609 2029 καὶ
632 1964 694 2030 τοῦ
716 1963 948 2029 διδασκαλείου
961 1956 1128 2046 διάδοχον.
1161 1963 1231 2046 Vgl.
1248 1966 1315 2028 eod.
1342 1971 1410 2028 117.
1426 1970 1486 2030 632
1501 1964 1595 2030 Ευδο.

287 2066 361 2129 lod
374 2070 534 2129 loe-111
553 2055 768 2182 ιλνεγνῶσθη
786 2055 982 2145 Κλῆμεντος
997 2053 1239 2178 Ἀλεξανδρέως
1255 2063 1482 2144 πρεσβυτέρου
1497 2055 1596 2144 τεύχη

285 2167 425 2242 βιβλίων
457 2163 547 2277 τρία,
578 2186 632 2276 μιν
663 2157 704 2227 τὸ
734 2162 795 2244 μὲν
826 2156 1019 2286 ἰπιγραηνῆν
1049 2159 1166 2276 ἔλαχεν
1196 2153 1459 2239 λπστυπωσεις,
1491 2156 1531 2226 τὸ
1562 2161 1597 2227 δε

287 2254 526 2346 Στρωματεάς,
550 2255 590 2326 τὸ
613 2262 649 2326 δὲ
665 2253 894 2375 Παιδαγωγός.
931 2261 964 2326 αἱ
986 2263 1046 2344 μέν
1070 2259 1131 2326 οὐν
1145 2251 1397 2339 Ὺπστυπῶσεις
1419 2253 1597 2358 διαλαμβά-

288 2379 383 2428 νουσι
404 2356 520 2442 περὶ
503 2362 620 2444 ρητῶν
643 2385 752 2426 τινων
774 2363 835 2444 τῆς
857 2386 894 2426 τε
916 2363 1063 2438 παλαιᾶς
1092 2363 1145 2426 καὶ
1178 2363 1255 2438 νέας
1286 2361 1429 2446 γραφῆς,
1463 2359 1513 2426 ῶν
1543 2363 1597 2426 καὶ

288 2462 534 2544 κεφαλαιωδῶς
556 2452 621 2536 ῶςί
644 2461 750 2544 δῆθεν
772 2454 926 2544 έςῆγησίν
949 2484 986 2525 τε
1008 2465 1063 2525 καὶ
1085 2456 1263 2545 ἑρμηνείαν
1285 2475 1440 2527 ποιεῖται.
1484 2461 1540 2524 καί
1562 2460 1598 2526 έν

291 2562 358 2626 τισί
378 2561 440 2645 μὲν
461 2551 578 2625 αὐτῶν
600 2549 716 2640 ὀρθῶς
738 2561 832 2626 δοκεῖ
853 2562 972 2645 λέγειν,
1001 2559 1038 2625 έν
1061 2563 1126 2626 τισὶ
1146 2561 1181 2626 δέ
1203 2564 1383 2638 παντελῶς
1406 2558 1451 2638 εἰς
1473 2550 1598 2640 άσεβεῑς

290 2660 345 2726 καί
367 2653 538 2744 μυθῶδεις
561 2649 682 2742 λόχους
703 2657 887 2741 ἐκφέρεται.
930 2648 1015 2743 ὕλην
1043 2683 1081 2724 τε
1109 2653 1170 2744 γάρ
1195 2654 1342 2742 ἄχρονον
1364 2663 1418 2724 καὶ
1440 2660 1529 2735 ἰδέας
1552 2651 1599 2734 ῶς

291 2751 358 2827 άπά
383 2782 491 2826 τινων
514 2754 630 2844 ῥητῶν
652 2757 866 2843 εἰσαγομένας
889 2751 1020 2840 δοξάζει
1042 2760 1095 2824 καὶ
1120 2754 1184 2826 τὸν
1206 2753 1281 2824 υἱὸν
1297 2761 1342 2837 εἰς
1364 2762 1485 2841 κτίσμα
1500 2751 1598 2825 κατά-

292 2885 348 2944 γει.
385 2857 434 2923 ἔτι
457 2859 491 2924 δέ
506 2854 778 2942 μετεμφυχῶσεις
799 2861 855 2922 καὶ
877 2854 1027 2934 πολλοὺς
1049 2852 1115 2940 πρὸ
1139 2859 1202 2924 τοῦ
1223 2851 1322 2940 Ἀδάμ
1343 2851 1489 2943 κόσμους
1505 2882 1598 2941 τερα-

292 2952 431 3025 τεύεται.
467 2960 522 3024 καὶ
545 2957 581 3024 ἐκ
604 2949 777 3041 τοῦἈδάμ
800 2952 865 3042 τῆν
884 2945 984 3036 Εὕαν,
1009 2950 1068 3040 οὐχ
1091 2949 1139 3034 ῶς
1161 2948 1180 3022 6
1202 2951 1476 3042 ἰκκλησιαστικὸς
1499 2951 1599 3042 λόγος

292 3052 458 3138 βούλεται,
482 3047 556 3124 ἀλλ’
580 3057 724 3141 αἰσχρῶς
747 3082 782 3122 τε
805 3059 860 3123 καὶ
876 3047 991 3133 άθέως
1007 3047 1240 3138 άποφαίνεται.
1270 3060 1452 3142 μίγνυσθαί
1467 3082 1505 3123 τε
1520 3054 1600 3134 τούς

293 3150 454 3243 άγγέλους
476 3159 603 3241 γυναιξί
627 3160 681 3224 καὶ
703 3158 919 3222 παιδοποιεῖν
941 3157 976 3236 ἐξ
999 3147 1115 3222 αὐτῶν
1138 3147 1361 3234 ὀνειροπολεῖ,
1383 3161 1438 3223 καί
1458 3153 1503 3243 μῆ
1525 3176 1599 3240 σαρ-

293 3258 450 3340 κωθῆναι
472 3251 535 3322 τὸν
558 3249 670 3340 λόγον,
694 3247 782 3323 άλλά
805 3249 907 3337 δόξαν.
944 3249 1068 3339 λόγους
1084 3280 1120 3321 τε
1144 3257 1206 3322 τοῦ
1227 3250 1358 3341 πατρὸς
1382 3253 1441 3324 δύο
1465 3280 1601 3340 τερατο-

294 3358 408 3439 λογῶν
440 3347 671 3472 άπιλέγχεται
710 3344 761 3423 ῶν
791 3350 856 3421 τὸν
885 3347 1017 3439 ῆττοια
1051 3371 1123 3433 τοῖς
1154 3346 1355 3439 ἀνθρώποις
1366 3357 1600 3480 έπιφανηναι

293 3455 424 3537 μᾶλλον
450 3455 486 3519 δέ
513 3447 590 3521 οὐδὲ
616 3455 757 3521 ἐκεῖνον·
795 3457 874 3539 φησὶ
896 3448 971 3540 γάρ·
1018 3457 1169 3573 »λέγεῖται
1191 3457 1251 3539 μεν
1278 3459 1333 3522 καὶ
1357 3448 1375 3522 6
1398 3451 1469 3533 υίὸς
1491 3449 1601 3571 λάχος

295 3545 485 3638 ὁμωνύμως
508 3555 558 3637 τῶ
582 3557 738 3640 πατρικῷ
762 3549 869 3640 λόγῳ,
898 3547 970 3622 ἀλλ’
999 3547 1059 3639 οὐχ
1086 3549 1187 3632 οὑτάς
1211 3547 1342 3623 ἐστιν(
1324 3584 1342 3622 ο
1366 3552 1448 3640 σάρξ
1469 3547 1601 3662 γενόμε-

295 3655 379 3732 νος.3
422 3645 498 3719 οὐδὲ
520 3647 587 3738 μῆν
609 3645 627 3719 6
650 3658 813 3773 πατρῷος
834 3649 950 3738 λόγος,
978 3645 1065 3723 άλλά
1087 3649 1224 3769 δύναμίς
1247 3679 1298 3732 τις
1322 3659 1384 3724 τοῦ
1406 3657 1503 3734 θεοῦ,
1527 3653 1602 3723 οἷον

295 3746 461 3838 άπάρροια
484 3755 547 3819 τοῦ
569 3746 673 3834 λόγου
695 3749 802 3822 αὐτοῦ
825 3759 904 3832 νοῦς
926 3749 1107 3838 γενόμενος
1129 3749 1190 3831 τὰς
1214 3758 1288 3821 τῶν
1310 3747 1512 3841 άνθρῶπων
1527 3778 1602 3837 καρ-

297 3856 367 3930 δίας
398 3854 666 3938 διαπεφοίτηκεπ
712 3857 767 3920 καὶ
799 3857 906 3921 ταῦτα
936 3849 1051 3921 πάντα
1082 3855 1237 3936 πειρᾶται
1265 3847 1332 3922 άπὸ
1356 3853 1473 3939 ῥητῶν
1497 3876 1603 3921 τινων

295 3945 555 4034 κατασκευάζειν
578 3955 638 4038 τῆς
660 3958 799 4040 γραφῆς.
842 3958 897 4020 καὶ
925 3949 1014 4022 άλλα
1040 3956 1076 4019 δὲ
1097 3957 1195 4036 μυρία
1220 3962 1362 4036 φλυαρεῖ
1381 3956 1437 4020 καί
1458 3959 1604 4035 βλασφη-

296 4066 362 4135 μεῖ,
393 4053 459 4118 είτε
491 4045 606 4131 οὗτός,
639 4054 705 4120 εἰτε
737 4081 788 4133 τις
820 4052 933 4138 έτερος
964 4049 1004 4121 τὸ
1037 4045 1143 4120 αὐτοῦ
1173 4049 1371 4138 πρῶσωπον
1398 4046 1603 4136 ὐποκριθείς.

384 4239 409 4305 1)
427 4238 536 4290 Andere
552 4235 655 4292 Stellen
682 4237 749 4292 liber
776 4237 828 4292 den
848 4237 1114 4307 „Chronogrephen“
1134 4237 1258 4290 Clemens
1285 4236 1330 4290 bei
1348 4236 1401 4290 den
1420 4235 1603 4304 Byzantinern

298 4323 353 4377 und
372 4324 432 4376 eine
450 4320 535 4377 Stelle
552 4320 598 4375 bei
617 4321 714 4376 Suides
732 4322 871 4392 bespriehl
888 4323 990 4389 Zehn,
1008 4321 1098 4392 Suppl.
1121 4321 1203 4374 Clem.
1223 4322 1248 4376 S.
1267 4323 1376 4376 56—61.

382 4409 408 4474 2)
427 4404 485 4477 [ὼς]
504 4407 648 4474 Bunsen,
668 4408 747 4460 Auel.
766 4408 865 4462 Anben.
885 4408 940 4476 lp.
960 4409 1016 4462 164.

383 4493 409 4560 3)
428 4485 489 4548 ἀλλ’
512 4488 563 4562 οὐχ
587 4483 670 4557 οἰκός
687 4489 763 4547 ἐστιν
782 4487 798 4547 δ
817 4490 888 4562 σὰρξ
905 4490 1061 4560 γενόμενος
1079 4489 1157 4546 stelle
1175 4509 1223 4546 vor
1240 4489 1351 4560 λέγεται
1373 4485 1427 4558 μέν
1445 4489 1493 4544 καὶ
1511 4485 1528 4542 δ
1546 4483 1605 4550 υίδς

299 4576 385 4645 λόγος
403 4576 548 4643 Ziegerl,
568 4577 639 4630 Zwei
657 4576 796 4631 Abhendl.
814 4577 881 4630 iiber
897 4575 927 4629 T.
946 4574 986 4628 ΕΙ.
1006 4575 1088 4629 Clem.
1107 4593 1132 4628 v.
1152 4575 1230 4630 Alex.
1249 4573 1416 4641 Heidelberg
1437 4575 1503 4628 1894
1520 4573 1544 4624 S.
1564 4571 1604 4626 88.
