3520 5480
331 453 392 515 306
917 445 1051 500 Clemens.

330 603 467 689 Ἰλιάδος
490 602 512 696 ή
534 605 576 678 τά
598 615 723 696 πρῶτα
746 603 768 695 ή
792 605 835 678 τά
857 613 1120 698 μεταγενέστερα
1141 612 1201 694 [ἐξ]
1223 603 1339 680 αὐτῶν
1365 613 1440 678 τῶν
1458 602 1648 698 Ὁμηρικῶν

331 704 593 796 συγγράψαντες.
615 711 676 776 ΡΜ

414 817 506 888 23,4
534 814 671 894 σχιζίαν]
702 813 841 896 σχιζίας,
873 807 1000 890 λεπτὸς
1032 805 1124 894 παρὰ
1146 803 1319 892 Ἀττικοῖς,
1351 803 1398 889 σός
1429 805 1648 896 Διογενιανός

330 929 420 994 φησι.
442 911 504 976 ΡΜ

296 1030 312 1083 5
413 1014 549 1094 σχιζίαν]
572 1001 650 1094 ἦτοι
668 1001 790 1094 ίσχνός,
812 1002 934 1095 λιγνύς.
956 1011 1008 1074 Μ3

413 1115 502 1190 23,6
529 1109 623 1194 Οἴτη]
650 1110 733 1194 Οἴτη
763 1111 824 1195 τῆς
850 1115 1009 1195 Τραχῖνος
1040 1098 1133 1194 όρος·
1177 1101 1197 1196 ή
1228 1111 1263 1176 δέ
1289 1113 1405 1194 Τραχίς
1437 1111 1497 1194 τῆς
1522 1114 1647 1178 Θεσσα-

330 1214 411 1286 λίας.
436 1209 499 1274 ΡΜ

412 1314 461 1389 23,
485 1315 521 1376 11
546 1301 678 1392 Μάκαρ]
700 1302 901 1394 μνημονεύει
913 1297 1058 1394 Ὅμηρος
1079 1311 1143 1376 τοῦ
1166 1303 1329 1394 Μάκαρος
1350 1309 1388 1376 ἐν
1410 1301 1462 1388 οἷς
1485 1331 1604 1394 φησιν·

499 1431 603 1510 όσσον
625 1443 751 1521 Λέσβος
773 1435 858 1522 άνω,
881 1435 1043 1527 Μάκαρος
1066 1439 1150 1522 έδος,
1173 1437 1271 1522 ἐντὸς
1293 1443 1404 1528 ἐέργει,
1428 1442 1490 1508 ΡΜ

279 1595 313 1650 10
413 1582 460 1656 23,
482 1582 523 1644 26
544 1565 751 1660 Ἀμυμώνην]
769 1564 853 1659 αύτη
871 1567 1082 1660 ήἈμυμαόνη
1099 1577 1232 1643 Δαναοῦ
1247 1569 1410 1661 θυγάτηρ,
1432 1575 1466 1656 ἐξ
1493 1563 1533 1660 ἧς
1550 1575 1646 1660 ἔσχεν

330 1667 394 1742 τόν
417 1668 602 1743 Ναύπλιον.
625 1675 685 1740 ΡΜ

413 1781 461 1854 24,
483 1779 502 1842 2
523 1765 685 1860 Ἀρσινόη]
720 1765 850 1858 ταύτην
881 1768 945 1860 τήν
966 1765 1140 1862 Ἀρσινόην
1160 1775 1251 1854 τινές
1271 1775 1399 1860 μητέρα
1422 1777 1485 1842 τοῦ
1506 1767 1645 1859 Ἀσκλη-

329 1875 411 1943 πιοῦ
433 1891 522 1957 φασι,
544 1875 634 1950 τινὲς
657 1874 692 1938 δὲ
715 1874 903 1956 Κορωνίδα.
948 1873 1017 1941 ἐστι
1040 1875 1075 1942 δέ
1097 1867 1117 1960 ἡ
1141 1865 1292 1958 Ἀρσινόη
1316 1877 1512 1942 Λευκίππου
1536 1868 1645 1958 θυγά-

329 1998 403 2060 τηρ,
425 1967 445 2060 ἡ
470 1975 505 2040 δέ
528 1977 683 2056 Κορωνὶς
707 1965 867 2056 Φλεγύου.
892 1972 952 2039 ΡΜ

280 2093 311 2147 15
413 2082 462 2154 24,
486 2081 502 2139 7
526 2074 644 2157 αἰγῶν]
668 2064 803 2139 άστεῑον
825 2067 918 2156 ἄγαν.
941 2074 1019 2138 P²M

411 2182 459 2252 24,
485 2181 521 2240 15
542 2164 737 2256 Ἀλκμήνης]
761 2162 926 2260 Ἀλκμήνη
959 2175 1020 2258 μὲν
1050 2186 1140 2256 τρεῖς
1167 2167 1290 2252 νύκτας
1313 2165 1332 2242 ό
1356 2169 1438 2253 Ζεύς
1459 2175 1643 2258 συνῆλθεν.

330 2275 430 2341 ἔνθεν
454 2273 683 2355 ιτριέσπεροςι
708 2262 727 2336 ό
749 2262 923 2357 Ἡρακλῆς·
967 2274 1010 2356 τῇ
1033 2273 1068 2339 δέ
1091 2266 1298 2359 Μνημοσύνη
1321 2273 1418 2341 ἐννέα
1441 2275 1643 2359 συνεγένετο

330 2377 435 2455 νυξίν,
458 2369 560 2438 ἔνθεν
581 2372 637 2438 καὶ
658 2371 756 2437 ἐννέα
779 2369 861 2438 εἰσὶν
883 2371 918 2437 αί
940 2373 1082 2439 Μοῦσαι.
1105 2373 1168 2438 ΡΜ

413 2479 461 2551 24,
486 2472 546 2538 17f
565 2463 776 2552 ἀλεξίκακον]
800 2465 863 2538 τόν
874 2461 1041 2556 Ἡρακλῆα
1063 2465 1231 2556 δηλονότι.
1255 2473 1306 2537 Μ3

279 2579 312 2634 20
415 2579 461 2650 25,
487 2579 522 2637 11
541 2561 682 2654 Ἴσθμιά]
704 2561 834 2654 Ἰσθμός
857 2562 964 2649 τόπος
992 2566 1111 2649 στενὸς
1142 2571 1180 2638 ἐν
1203 2575 1376 2658 Κορίνθῳ,
1406 2565 1645 2658 περιεχόμενος

330 2664 399 2738 ύπὸ
421 2665 482 2738 δύο
503 2672 696 2736 θαλασσιόν.
740 2668 891 2736 ἐνταῦθα
913 2660 1015 2753 ήγετο
1039 2665 1082 2737 τά
1098 2661 1235 2752 Ἴσθμια,
1259 2661 1344 2756 άπερ
1367 2671 1401 2754 ἐξ
1423 2665 1527 2758 ἀρχῆς
1551 2662 1644 2740 όΣί-

330 2790 438 2854 συφος
469 2772 627 2854 διέθηκεν
659 2768 714 2834 ἐπὶ
744 2771 936 2854 Μελικέρτῃ
969 2771 1019 2854 τῷ
1051 2772 1107 2850 καὶ
1136 2773 1339 2857 Παλαίμονι,
1371 2775 1422 2858 τῷ
1452 2763 1556 2849 Ἰνοῦς
1586 2774 1643 2837 καὶ

329 2861 551 2954 Ἀθάμαντος,
574 2860 818 2936 α’ποθεωθέντι
841 2870 876 2935 δὲ
898 2870 935 2936 έν
958 2874 999 2954 τῇ
1021 2863 1187 2954 θαλάσση·
1223 2859 1366 2954 ύστερον
1390 2873 1425 2938 δὲ
1448 2873 1499 2958 τῷ
1523 2875 1642 2939 Ποσει-

330 2971 414 3036 δῶνι
437 2959 604 3054 άνιέρωτο
628 2959 647 3034 ό
670 2960 772 3050 άγοόν.
795 2967 857 3032 ΡΜ

278 3077 311 3132 25
413 3072 534 3152 Νέμεα]
558 3069 632 3135 των
654 3068 797 3152 Νεμέων
818 3068 881 3134 τοῦ
904 3057 1037 3151 άγῶνος
1053 3061 1073 3155 ἡ
1089 3071 1180 3136 αίτία
1199 3071 1292 3138 ἐστὶν
1308 3062 1406 3156 αύτη·
1429 3061 1487 3138 ὅτε
1504 3069 1538 3137 οἱ
1555 3065 1641 3137 ἑπτά

329 3168 383 3234 ἐπὶ
408 3163 519 3254 Θήβας
541 3164 602 3235 σύν
622 3160 792 3252 Ἀδράστῳ
815 3171 871 3233 καὶ
892 3171 1090 3236 Πολυνείκει
1105 3165 1361 3253 ἐστρατεύοντο,
1383 3174 1580 3254 παρέβαλον
1594 3171 1640 3248 είς

329 3262 393 3352 τήν
416 3270 559 3352 Νεμέαν·
582 3258 690 3346 τόπος
712 3266 748 3332 δέ
770 3254 872 3344 οὗτος
895 3268 957 3334 τοῦ
974 3259 1124 3353 Ἀργους·
1152 3271 1332 3354 ζητοῦντες
1354 3271 1390 3336 δὲ
1412 3263 1638 3353 ύδρεύσασθαι

328 3367 511 3451 συνέτυχον
530 3358 693 3448 Ὑψιπύλη
716 3367 758 3450 τῇ
782 3358 936 3444 θόαντος
958 3372 1111 3451 θυγατρί,
1133 3363 1303 3453 τρεφούση
1323 3372 1461 3438 παιδίον
1474 3360 1639 3452 Ὀφέλτην

326 3461 537 3550 καλούμενον
569 3458 731 3549 Εύφήτου
761 3469 816 3531 καὶ
839 3457 1033 3551 Εὐρυδίκης.
1076 3459 1096 3552 ή
1130 3469 1165 3534 δὲ
1198 3459 1394 3554 άποθεμένη
1424 3463 1465 3535 τό
1498 3471 1639 3536 παιδίον

276 3575 309 3626 39
328 3558 490 3650 ἀπῆλθεν,
522 3557 637 3643 αὐτοῖς
659 3558 882 3650 ὑδρεύσασθαι
903 3565 1105 3650 βουλομένη·
1150 3561 1286 3651 δράκων
1308 3568 1346 3635 ἐν
1368 3561 1525 3652 τοσούτῳ
1547 3591 1637 3652 περι-

327 3661 441 3731 πεοών
463 3665 513 3749 τῷ
536 3666 660 3748 παιδίω
684 3656 816 3732 άνεῑλεν
838 3657 934 3731 αύτό·
965 3657 1043 3748 ήδὲ
1064 3666 1300 3734 ἐπανελθοῦσα
1319 3661 1464 3754 ἐθρήνει.
1500 3659 1637 3753 Ἀμφιά-

327 3786 408 3847 ραος
431 3765 465 3830 δέ
481 3755 500 3832 ό
515 3757 644 3850 μάντις,
668 3759 714 3841 είς
737 3752 787 3830 ὢν
810 3767 883 3830 τῶν
905 3756 1002 3842 ἑπτά,
1027 3756 1094 3830 άπὸ
1117 3767 1180 3832 τοῦ
1200 3759 1390 3850 συμβάντος
1413 3781 1485 3844 τοῖς
1498 3755 1636 3851 Ἕλλησι

326 3857 485 3931 θάνατον
505 3857 802 3949 προεμαντεύσατο
825 3867 879 3929 καὶ
903 3857 964 3929 τόν
985 3865 1089 3930 παῖδα
1111 3857 1309 3951 Ἀρχέμορον
1331 3859 1503 3933 ἐκάλεσεν·
1521 3857 1638 3950 ’Ἀδρα-

411 4049 430 4102 3
448 4049 503 4116 vgl.
523 4047 559 4100 M.
573 4046 696 4100 Schmidt
708 4065 741 4101 zu
753 4047 904 4115 Hesychius
923 4063 942 4100 s.
955 4064 980 4100 v.
995 4047 1102 4115 σχιζίας
1119 4079 1152 4086 -
1170 4048 1189 4103 9
1208 4047 1237 4102 Ω
1249 4049 1299 4102 544
1317 4078 1350 4086 -
1370 4049 1405 4103 17
1427 4048 1482 4116 vgl.
1497 4047 1634 4118 Lykophr.

325 4133 405 4188 Alex.
424 4135 457 4188 33
475 4163 508 4170 —
527 4133 626 4186 25-9.
645 4133 713 4194 907,
733 4133 750 4186 2
770 4132 824 4200 vgl.
843 4130 939 4186 Nauck
957 4131 1040 4184 TGF²
1057 4150 1083 4201 p.
1101 4133 1151 4188 594

412 4300 427 4354 l
448 4295 554 4364 ίλιάδος
571 4303 596 4366 (λ
615 4299 644 4353 in
662 4299 735 4367 Bas.)
753 4299 774 4350 P
799 4301 803 4365 Ι
827 4294 876 4367 ΙέξΙ
897 4297 975 4351 Kroll
1002 4291 1056 4362 ἔξω
1075 4299 1154 4353 Schw
1179 4301 1182 4366 Ι
1208 4299 1247 4355 10
1274 4295 1304 4365 ἐξ
1321 4295 1353 4368 ἧς
1371 4299 1402 4352 θί
1419 4295 1482 4367 ἐξῆς
1500 4299 1552 4352 ΡΜ
1573 4293 1633 4364 ἑξῆς

325 4383 363 4437 Di
386 4384 391 4450 Ι
417 4383 454 4438 14
484 4382 613 4452 Φλεγύου
630 4383 733 4448 Nauck,
761 4383 856 4438 Rhein.
876 4382 945 4436 Μοε.
965 4386 979 4436 7
999 4385 1085 4451 (1859)
1103 4401 1129 4453 p.
1147 4385 1197 4438 392
1215 4401 1241 4440 u.
1260 4384 1360 4453 Haupt,
1379 4382 1492 4439 Hermes
1510 4385 1525 4436 1
1545 4384 1630 4448 (1866,

326 4483 352 4537 p.
370 4469 420 4524 399
447 4469 515 4537 φησί
540 4467 670 4538 λέγουσιν
688 4463 777 4533 οὕτως
795 4467 847 4521 ΡΜ
863 4469 866 4533 Ι
883 4467 948 4522 ‘211
968 4467 1086 4535 αι’σνφος
1104 4468 1147 4520 M²
1169 4467 1313 4538 οισύφιλος
1331 4467 1398 4522 ΡΜ*
1413 4469 1417 4536 Ι
1433 4467 1472 4522 29
1489 4467 1631 4522 πολυνίκει

325 4553 376 4606 ΡΜ
392 4556 396 4616 Ι
412 4553 451 4608 29
470 4550 601 4622 Εὐφὴτου
619 4553 715 4606 Nauck
732 4569 780 4607 aus
799 4551 888 4606 Schol.
906 4549 986 4606 Pind.
1006 4552 1082 4608 Nem.
1105 4553 1175 4622 prol.
1194 4571 1219 4624 p.
1238 4555 1262 4618 9,
1280 4555 1297 4608 9
1315 4553 1386 4608 Abel
1412 4549 1538 4622 εθωήγον
1556 4551 1606 4605 ΡΜ
1626 4552 1629 4587 ³

325 4639 365 4693 80
387 4634 417 4692 ἐν
443 4636 579 4712 τοσούτῳ]
600 4637 656 4705 <δὲ>
675 4633 813 4711 ἐντούτῳ
832 4636 928 4689 Nauck
