3532 5470
296 415 332 474 ΙΙΙ
886 407 1018 464 Clemens.

294 567 463 643 άνέκαθεν
483 569 615 658 Ἐβραία
646 568 740 661 γυνή,
772 566 932 660 ήστεῖρα
962 569 1026 641 τόν
1056 568 1163 657 ἄνδρα
1185 566 1345 657 λαμβάνει
1367 577 1422 639 καὶ
1445 566 1465 658 ή
1488 572 1610 658 ἔρημος

294 670 358 743 τὸν
380 665 547 760 γεωργόν·
591 671 665 740 είτα
687 670 707 760 ἢ
729 675 790 759 μὲν
820 675 973 758 καρπῶν,
1004 669 1081 760 ήδὲ
1104 675 1246 752 πιστῶν,
1279 667 1381 756 ἄμφω
1414 675 1449 738 δὲ
1470 674 1609 758 μητέρες

296 772 350 842 διά
372 768 436 841 τόν
457 766 576 858 λόγον·
619 766 775 852 ἀπίστοις
805 773 840 838 δὲ
870 774 970 840 εἰσέτι
998 774 1061 840 νῦν
1083 778 1138 840 καὶ
1161 787 1276 856 στεῖρα
1298 774 1353 839 καὶ
1376 771 1497 857 ἔρημος
1518 795 1609 855 περι-

296 878 455 941 λείπεται.
499 865 517 942 δ
549 876 610 959 μὲν
631 866 797 958 Ἰωάννης,
828 864 974 957 όκήρυξ
997 874 1059 940 τοῦ
1082 864 1192 958 λόγου,
1225 866 1331 957 ταῦτη
1353 894 1402 953 πη
1423 864 1607 966 παρεκάλει
1624 877 1679 942 10‚1

261 993 277 1048 5
297 973 451 1059 ἑτοίμους
474 975 627 1059 γίνεσθαι
649 976 696 1052 είς
719 976 811 1052 θεοῦ,
835 975 897 1039 τοῦ
919 973 1078 1054 Χριστοῦ,
1101 974 1297 1058 παρουσίαν,
1319 973 1375 1038 καί
1398 973 1502 1038 τοῦτο
1525 960 1609 1054 ήνδ

295 1068 451 1159 ᾐνίσσετο
468 1065 488 1158 ή
512 1075 680 1157 Ζαχαρίου
702 1066 823 1157 σιωπή,
845 1065 1059 1155 άναμένουσα
1080 1066 1144 1138 τόν
1165 1064 1363 1156 πρόδρομον
1381 1073 1445 1138 τοῦ
1460 1072 1610 1154 Χριστοῦ

296 1166 439 1256 καρπόν,
463 1173 519 1240 ίνα
541 1175 603 1257 τής
626 1166 786 1258 άληθείας
809 1165 849 1237 τό
873 1173 957 1254 φῶς,
981 1162 1000 1238 δ
1024 1165 1134 1254 λόγος,
1164 1174 1237 1236 τῶν
1258 1173 1485 1254 προφητικῶν
1507 1173 1611 1254 αἰνιγ-

296 1265 416 1357 μάτων
439 1267 503 1357 τήν
524 1269 690 1358 μυστικήν
712 1263 924 1356 άπολόσηται
946 1265 1088 1356 σιωπήν,
1119 1265 1315 1355 εῦαγγέλιον
1342 1261 1532 1355 γενόμενος·
1569 1264 1640 1334 σὺ2

297 1373 333 1437 δὲ
355 1372 383 1438 εί
413 1378 535 1451 ποθεῖς
565 1372 648 1438 ίδεῖν
679 1365 726 1450 ῶς
757 1364 899 1456 άληθῶς
929 1364 993 1437 τόν
1023 1363 1118 1450 θεόν,
1145 1372 1346 1454 καθαρσίων
1378 1361 1610 1453 μεταλάμβανε

247 1488 281 1542 10
297 1475 515 1555 θεοπρεπῶν,
550 1464 592 1538 οῦ
622 1464 753 1554 δάφνης
783 1463 946 1562 πετάλων
975 1472 1031 1536 καὶ
1053 1473 1197 1538 ταινιῶν
1220 1493 1328 1535 τινων
1349 1468 1429 1553 έρὶῳ
1451 1472 1507 1534 καὶ
1528 1490 1611 1549 πορ

299 1564 388 1659 φύρᾳ
410 1571 695 1655 πεποικιλμένων,
719 1565 935 1654 δικαιοσύνην
950 1573 986 1636 δὲ
1002 1561 1253 1655 ἀναδησάμενος
1270 1573 1326 1634 καὶ
1342 1570 1402 1653 τής
1417 1568 1611 1652 ἐγκρατείας

299 1666 342 1738 τὰ
372 1673 504 1738 πέταλα
535 1672 756 1756 περιθέμενος
786 1661 1064 1754 πολυπραγμόνει
1087 1660 1250 1753 Χριστόν·
1298 1666 1381 1752 »ε’γῶ
1413 1660 1476 1752 γάρ
1502 1667 1569 1750 είμι
1592 1659 1610 1751 ἡ

299 1765 416 1854 θύραι
444 1774 526 1855 φησί
546 1791 628 1838 που
672 1765 714 1856 ἢν
736 1769 896 1852 ἐκμαθεῖν
919 1771 969 1835 δεῖ
989 1770 1109 1852 νοῆσαι
1130 1762 1294 1854 θελήσασι
1316 1763 1379 1836 τόν
1398 1762 1492 1847 θεόν,
1515 1755 1612 1844 όπως

300 1863 379 1955 ήμῖν
401 1863 530 1953 άθρόας
546 1872 618 1935 τῶν
634 1862 792 1953 οῦρανῶν
809 1859 1004 1951 άναπετάση
1020 1863 1112 1952 <τάς>
1128 1864 1250 1947 πύλας·
1274 1869 1405 1952 λογικαί
1419 1861 1482 1952 γάρ
1497 1865 1531 1932 αί
1548 1868 1610 1932 τοῦ
1627 1863 1641 1914 3

249 1987 282 2039 15
300 1963 405 2056 λόγου
426 1963 539 2050 πύλαι,
569 1973 718 2046 πίστεως
745 1969 750 2052 Ι
778 1961 1014 2052 άνοιγνῦμεναι
1036 1971 1153 2035 κλειδί·
1198 1964 1303 2036 »θεὸν
1325 1959 1433 2044 οῦδεὶς
1456 1965 1559 2050 ἔγνω,
1583 1967 1611 2031 εί
1628 1963 1684 2017 1οΡ

300 2065 344 2155 μή
368 2061 386 2137 δ
409 2065 480 2146 υίὸς
502 2073 557 2135 καί
580 2057 609 2152 ῶ
633 2061 675 2134 δν
698 2061 716 2135 δ
739 2062 812 2145 υίὸς
842 2058 1075 2151 άποκαλῦφηπ
1122 2063 1234 2153 θῦραν
1265 2069 1300 2134 δὲ
1321 2056 1358 2133 εῦ
1385 2058 1446 2132 οἶδ’
1470 2055 1525 2132 ότι
1549 2060 1612 2150 τήν

300 2161 608 2252 άποκεκλεισμένην
638 2169 724 2244 τέως
746 2158 764 2234 δ
788 2159 946 2251 άνοιγνύς
976 2159 1120 2251 ὕστερον
1147 2161 1383 2235 άποκαλῦπτει
1410 2159 1537 2232 τάνδον
1559 2166 1612 2229 καὶ

301 2271 469 2335 δείκνυσιν
500 2261 623 2352 δμηδὲ
655 2270 782 2351 γνῶναι
813 2259 888 2333 οίόν
919 2292 956 2332 τε
984 2255 1026 2353 ήν
1055 2260 1238 2350 πρότερον,
1270 2269 1299 2332 εί
1320 2261 1364 2351 μή
1387 2259 1440 2332 διὰ
1464 2266 1613 2347 Χριστοῦ

301 2369 575 2450 πεπορευμένοις,
599 2359 639 2433 δι’
663 2354 703 2433 οῦ
725 2359 833 2450 μόνου
854 2360 935 2444 θεὸς
958 2361 1192 2434 έποπτεῦεται.

250 2480 284 2535 20
384 2465 423 2530 ΙΙ.
448 2460 572 2532 ’Ἁδυτα
594 2469 713 2532 τοίνυν
735 2461 821 2531 ἄθεα
842 2461 887 2550 μή
909 2469 1223 2551 πολυπραγμονεῖτε
1238 2467 1320 2550 μηδὲ
1335 2458 1522 2547 βαράθρων
1537 2454 1610 2528 στό-
1629 2469 1685 2532 11‚1

301 2589 391 2648 ματα
418 2567 592 2649 τερατείας
618 2563 743 2649 ἔμπλεα
774 2556 795 2648 ἢ
828 2567 952 2650 λέβητα
976 2563 1199 2650 θεσπρῶτιον
1229 2559 1250 2650 ἢ
1281 2565 1426 2648 τρίποδα
1450 2565 1613 2646 Κιρραῖον

300 2657 322 2748 ή
345 2666 551 2732 Δωδωναῖον
572 2671 742 2748 χαλκεῖον·
779 2656 986 2750 γεράνδρυον
1009 2667 1043 2732 δὲ
1065 2658 1214 2750 ψάμμοις
1234 2658 1369 2749 ἑρήμαις
1391 2664 1613 2747 τετιμημένον

299 2758 419 2830 καὶτὸ
443 2755 568 2830 αῦτόθι
589 2778 752 2848 μαντεῖον
785 2756 870 2848 αῦτή
894 2765 970 2847 δρυῒ
988 2768 1243 2850 μεμαρασμένον
1270 2758 1392 2847 μύθοις
1415 2752 1614 2847 γεγηρακόσι

300 2866 537 2946 καταλείψατε.
589 2869 760 2949 σεσίγηται
791 2865 874 2947 γοῦν
907 2857 927 2948 ή
960 2868 1153 2942 Κασταλίας
1188 2859 1279 2949 πηγή
1309 2865 1364 2928 καὶ
1397 2864 1614 2944 Κολοφῶνος

249 2976 282 3030 25
301 2958 387 3048 άλλη
416 2956 521 3047 πηγή,
552 2965 608 3029 καὶ
639 2959 681 3029 τά
712 2959 798 3028 άλλα
829 2955 957 3047 δμοίως
987 2965 1132 3047 τέθνηκε
1164 2957 1297 3049 νάματα
1327 2957 1474 3046 μαντικὰ
1495 2963 1551 3026 καὶ
1575 2955 1613 3043 δή

300 3065 363 3129 τοῦ
386 3057 496 3144 τύφου
516 3057 599 3128 κενά
622 3053 685 3144 όιμὲ
707 3064 777 3147 μέν,
801 3051 893 3146 ὅμως
908 3056 936 3126 δ
954 3051 1016 3131 οῦν
1031 3058 1263 3149 διελήλεγκται
1286 3077 1358 3140 τοῖς
1380 3064 1478 3140 ἰδίοις
1500 3082 1614 3127 συνεκ-

301 3157 466 3244 ρεῦσαντα
495 3156 625 3246 μῦθοις.
669 3155 820 3246 διήγησαι
852 3155 930 3246 ἡμῖν
959 3165 1013 3228 καὶ
1044 3166 1106 3247 τής
1136 3158 1241 3248 άλλης
1271 3164 1444 3248 μαντικῆς,
1480 3161 1644 3245 μᾶλλον2

301 3263 335 3327 δε
357 3263 513 3344 μανικῆς,
538 3256 581 3326 τά
604 3256 754 3346 άχρηστα
775 3255 973 3347 χρηστήρια,
1004 3259 1067 3330 τὸν
1091 3255 1250 3347 Κλάριον,
1284 3257 1348 3330 τὸν
1370 3256 1517 3340 Πύθιον,
1552 3253 1614 3325 τόν

386 3426 479 3494 ssvgl.
498 3425 566 3480 Luk.
586 3430 608 3490 1,
627 3428 661 3481 20
686 3457 719 3464 —
746 3428 765 3483 8
785 3427 817 3483 σὺ
835 3427 864 3484 δὲ
882 3428 967 3483 -19
991 3425 1177 3484 έποπτεύεται
1195 3429 1359 3484 Νἰυείσεοεί.
1383 3445 1417 3481 zu
1436 3425 1496 3480 Joh.
1516 3425 1568 3501 (10,
1589 3426 1613 3488 7)

301 3509 328 3562 in
347 3509 454 3562 Monac.
473 3513 505 3564 3?
523 3511 542 3563 f.
560 3512 645 3578 307v3
665 3511 755 3566 vatic.
775 3515 841 3568 1996
867 3513 1244 3582 ί.176ν1ιττ.ῖίλήμεντος’
1284 3511 1310 3568 εἰ
1336 3503 1388 3568 οῦν
1414 3513 1517 3574 ποθεῖς
1543 3509 1612 3579 expl.

300 3589 487 3648 έποπτεύεται
505 3625 537 3633 -
558 3594 620 3650 121
634 3595 695 3649 Joh.
709 3599 749 3660 10,
762 3597 779 3648 9
793 3627 825 3634 -
840 3595 903 3651 151
917 3597 1016 3651 Matth.
1031 3601 1070 3660 11,
1080 3599 1112 3650 27
1125 3628 1158 3636 -
1173 3599 1213 3654 20
1226 3591 1326 3654 'Aona
1344 3591 1377 3634 ’-
1395 3595 1461 3662 ξ23,
1473 3596 1490 3648 2
1501 3611 1612 3662 τετυχη-

300 3677 387 3742 κότας
404 3675 502 3734 Ευεεί).
521 3677 564 3732 Pr.
583 3695 623 3732 ev.
642 3680 817 3746 113,1-42;
833 3680 891 3750 ,ng
910 3681 1002 3746 Μαάθ,
1026 3681 1149 3750 Orpheus
1167 3683 1193 3736 S.
1213 3685 1315 3739 89-92
1333 3712 1366 3720 -
1385 3681 1424 3736 22
1442 3679 1499 3748 vgl.
1513 3677 1613 3733 Zenob.

302 3761 339 3814 VI
358 3766 373 3814 ι’)
391 3791 425 3802 -
444 3763 543 3820 28-8.
565 3764 643 3828 11,1
665 3765 720 3834 vgl.
739 3766 841 3819 Arnob.
860 3765 921 3820 adv.
941 3769 998 3820 nat.
1016 3767 1030 3819 I
1048 3769 1081 3822 20

386 3888 405 3942 2
422 3889 634 3960 καθαρσίων-
646 3890 682 3945 12
702 3887 891 3961 περιθέμενος
908 3899 941 3950 <
960 3891 1018 3945 Cat.
1042 3893 1046 3959 Ι
1071 3890 1134 3948 122
1150 3886 1207 3960 ἐγὼ
1225 3920 1258 3928 -
1276 3888 1341 3958 που]
1360 3887 1447 3954 αίπδς
1463 3885 1520 3960 γάρ
1539 3884 1613 3944 ἐστιν

301 3973 316 4040 ὴ
335 3969 411 4042 θύρα
431 3972 490 4026 Cat.
506 3977 510 4039 Ι
527 3975 565 4028 18
583 3974 725 4043 θελήμασι
743 3975 801 4028 (λεί.
818 3975 821 4042 Ι
839 3976 876 4031 14
897 3973 1009 4046 ἀθρόας
1026 3976 1092 4044 ημῖν
1112 3974 1169 4030 Cat.
1185 3977 1189 4043 Ι
1204 3973 1255 4039 τὰς
1275 3973 1366 4039 πύλας
1386 3973 1446 4027 (λεί.
1458 3971 1549 4036 πύλας
1566 3971 1589 4024 Ρ
1609 3973 1612 4038 Ι

302 4058 339 4112 16
358 4055 386 4112 δε
404 4067 437 4116 <
454 4058 530 4114 Mon.
548 4061 580 4112 37
597 4065 601 4126 Ι
617 4047 647 4114 εῦ
668 4052 719 4114 οἶδ’
739 4053 790 4127 δτι]
811 4057 863 4114 οῦκ
881 4057 967 4114 εἰδότι
985 4060 1132 4114 Markland
1154 4061 1158 4128 Ι
1181 4061 1215 4114 11
1237 4057 1307 4122 τέως
1324 4067 1357 4117 <
1377 4057 1436 4112 eat.
1451 4060 1456 4125 Ι
1470 4058 1574 4112 τᾶνδον
1593 4056 1613 4108 Ρ

299 4141 334 4196 τὰ
353 4137 433 4196 ένδον
451 4143 509 4196 Οαί.
526 4145 530 4209 Ι
547 4144 585 4198 18
603 4141 673 4212 μηδὲ
694 4143 731 4196 Kl
748 4145 819 4212 μήτε
837 4145 859 4198 Ρ
877 4145 915 4213 μή
936 4143 994 4198 cat.
1010 4147 1014 4210 Ι
1031 4146 1071 4199 20
1089 4139 1165 4199 ίίθεα
1182 4144 1217 4197 P³
1235 4145 1315 4210 [Text
1331 4142 1389 4196 und
1407 4141 1497 4210 stand)
1516 4135 1612 4196 Καείί

300 4227 366 4280 θέαι
383 4227 421 4279 Ρ*
445 4228 449 4294 Ι
473 4231 739 4298 πολυπραγμονεῖτε
758 4229 793 4280 Ρ3
818 4232 1100 4300 πολυπραγμονεῖται
1117 4230 1160 4296 Ρί,
1188 4228 1254 4283 aber
1277 4247 1306 4284 αι
1328 4227 1358 4281 in
1376 4227 1438 4281 Rae.
1462 4227 1466 4293 Ι
1492 4227 1531 4281 22
1549 4229 1613 4295 γαλ-

299 4311 362 4365 κίον
381 4311 415 4364 Di
430 4313 434 4376 Ι
450 4308 567 4382 ἐρήμοις
584 4311 646 4366 Ευε.
667 4311 728 4366 ΒΙΟ
747 4310 855 4382 ἐρήμης
872 4313 936 4366 Eus.
950 4315 985 4366 Δί
1005 4310 1123 4384 έρήμαις
1136 4311 1199 4366 Eue.
1213 4315 1249 4366 Δί
1264 4314 1268 4380 Ι
1283 4309 1481 4379 τετιμημένον]
1500 4327 1613 4380 τετηρη·

299 4394 387 4463 με’νον
400 4396 448 4449 Με,
462 4399 466 4463 Ι
483 4397 522 4450 24
541 4397 621 4467 γοῦν]
635 4385 685 4450 οῦν
700 4395 762 4450 Ευε.
782 4399 870 4451 Rasur
890 4398 920 4451 in
933 4397 1029 4452 Εαε.Β
1046 4403 1049 4464 Ι
1065 4401 1253 4465 κολοφῶντσς
1264 4395 1327 4450 Eue.
1341 4395 1387 4449 ΒΟ
1403 4397 1407 4462 Ι
1424 4395 1462 4451 25
1476 4392 1614 4462 τέθνηκεν

300 4473 360 4548 ίίμα
378 4476 414 4534 τδι
432 4478 554 4547 μαντικοί
574 4480 636 4535 Eus.
655 4484 679 4534 A
695 4483 699 4549 Ι
714 4479 749 4536 τὰ
768 4479 890 4549 μαντικὰ
914 4480 1028 4550 νάματα
1048 4481 1110 4535 Ευε.
1129 4480 1193 4535 BJO
1208 4483 1213 4549 Ι
1230 4482 1268 4536 28
1285 4478 1453 4553 χρηστήρια]
1472 4480 1612 4552 μυστήρια

300 4564 363 4618 Eus.
382 4564 445 4618 ΒΙΟ
