3510 5474
521 333 703 404 Paedadogus
721 335 755 390 ΙΙ.
774 333 839 404 Gap.
858 335 931 390 VIII.
949 335 990 404 68,
1009 335 1100 402 1-70,
1119 334 1143 388 3.
1425 337 1484 400 199

166 498 210 571 τὸ
233 495 447 588 έρεθιστικόν
468 505 543 570 τῶν
564 495 682 586 μύρων
704 503 938 570 σπουδαστέον
960 494 1125 586 οὐδαμῶς,
1147 492 1236 569 ἀλλὰ
1250 494 1291 568 τὸ
1308 493 1484 587 ῶφέλιμσν

165 605 357 683 έκλεκτέσν,
380 590 469 670 όπσυ
488 625 525 684 γε
546 605 603 668 καὶ
624 604 688 670 τοῦ
709 602 824 670 έλαίου
846 598 910 687 τὴν
927 604 1058 686 γένεσιν
1074 594 1197 686 ἀνῆκεν
1216 591 1235 666 δ
1252 593 1333 677 θεός
1347 592 1482 684 ἄνθρῶ-

166 727 246 780 ποις
268 701 315 780 είς
336 693 460 768 πόνων
481 694 626 787 ἀρωγήν.
670 701 704 768 αἱ
726 703 762 769 δὲ
784 692 1010 787 ἄφραίνσυσαι
1031 715 1185 786 γυναῖκες
1206 693 1395 780 βᾶπτουσαι
1420 701 1515 785 μένε

166 799 230 881 τὰς
259 795 396 882 πολιός,
429 804 622 886 μυρίςουσαι
652 803 688 869 δὲ
715 797 776 879 τὰς
803 806 917 887 τρίχας
938 796 1148 882 πολιώτεραι
1169 802 1304 868 θᾶττον
1326 803 1482 884 γίνονται

126 897 223 970 ε’)διά
247 897 291 970 τᾶ
313 895 476 988 ἀρώματα
503 896 689 986 ξηραντικὰ
716 890 810 968 ὄντα.
853 895 905 969 διό
936 904 993 968 καὶ
1024 890 1270 987 αύχμηρότεροι
1297 903 1481 982 φαίνονται

166 1001 200 1069 σί
230 996 457 1086 μυριζόμενοι·
488 992 507 1067 ό
539 1000 575 1068 δὲ
601 993 725 1087 αύχμός
753 1003 988 1087 πολιωτέρους
1018 1015 1112 1068 ποιεί
1141 999 1219 1082 (εἴτε
1250 993 1312 1084 γάρ
1344 987 1481 1078 αὔανσις

164 1096 282 1186 τριχός
304 1093 325 1187 ἡ
348 1096 454 1170 πολιὰ
474 1100 542 1168 ε’ίτε
565 1097 675 1168 ένδεια
697 1104 852 1188 θερμοῦ),
881 1103 941 1186 τῆς
968 1092 1157 1186 ξηρότητος
1182 1094 1248 1186 τὴν
1269 1101 1398 1166 οἰκείαν
1419 1101 1481 1184 τῆς

165 1195 282 1286 τριχός
304 1194 505 1285 έκπινσύσης
527 1196 664 1286 τροφὴν
684 1195 749 1288 τὴν
770 1193 877 1287 ύγράν
897 1203 954 1268 καὶ
969 1195 1112 1280 πολιούς
1134 1193 1375 1285 ἄποτελούσης.
1405 1203 1481 1279 πῶς
1498 1213 1514 1266 5

165 1289 230 1368 οὖν
254 1294 396 1378 είκότως
417 1299 468 1367 ἔτι
483 1291 653 1386 ἄγαίπῷεν
667 1294 743 1386 <ἄν>
758 1295 802 1368 τὰ
816 1296 918 1386 μύρα,
942 1292 984 1370 δι’
1007 1293 1028 1366 ἄ
1044 1300 1077 1368 αί
1092 1304 1224 1381 πολιαί,
1248 1296 1280 1370 σί
1296 1294 1481 1384 φεύγοντες
1499 1305 1560 1360 788

165 1518 242 1568 ουσι
263 1494 307 1567 τὰ
328 1503 442 1585 θηρία,
464 1489 575 1579 ούτως
597 1500 634 1567 ἐκ
656 1503 717 1585 τῆς
731 1504 909 1586 περιέργου
923 1503 996 1567 τῶν
1011 1494 1129 1586 μύρων
1144 1492 1286 1579 εύωδίας
1300 1503 1457 1585 θηρῶσιν
1474 1501 1477 1583 ί

165 1600 200 1668 σί
222 1593 401 1684 σῶφρονες
422 1594 503 1678 τούς
526 1590 684 1686 ἀσελγεῖς.
1496 1607 1580 1662 211?

256 1693 399 1784 Τοιαύτη
422 1699 457 1765 δὲ
478 1701 535 1766 καὶ
550 1703 623 1768 τῶν
638 1693 821 1783 στεφάνων
837 1692 858 1784 ἦ
872 1701 995 1786 χρῆσις,
1018 1693 1215 1782 κωμαστικὴ
1230 1701 1285 1764 καὶ
1300 1694 1479 1784 πάροινος·
1496 1705 1561 1768 70,1

421 1827 561 1916 ἄπερρε·
583 1826 628 1918 μή
649 1857 707 1918 μοι
728 1835 899 1916 στέφανον
923 1825 1076 1918 ἄμφιθῇς
1097 1825 1192 1920 κόρᾳ.

112 1981 148 2034 15
167 1953 251 2052 ἦρος
272 1966 333 2053 μὲν
356 1959 417 2051 γὰρ
440 1957 513 2054 ῶρᾳ
535 1969 695 2052 λειμῶσιν
717 1960 888 2052 ἐύδρόσοις
916 1967 971 2032 καί
993 1971 1166 2052 μαλακοῖς,
1189 1965 1357 2043 ποικίλοις
1378 1957 1478 2050 χλοᾶ-

168 2072 285 2148 ζουσιν
315 2059 472 2146 ἄνθεσιν,
509 2065 746 2134 ἐνδιαιτᾶσθαι
775 2058 897 2147 καλόν,
929 2056 1096 2148 αύτοφυεί
1124 2065 1180 2131 καὶ
1210 2063 1383 2148 εἰλικρινεῖ
1411 2089 1478 2131 τινι

168 2157 295 2252 εύωδίᾳ
315 2157 472 2247 καθάπερ
495 2160 556 2244 τὰς
576 2169 737 2251 μελίττας
759 2167 1002 2252 τρεφομένους·
1024 2159 1065 2232 τὸ
1089 2166 1124 2232 δε

519 2277 669 2350 πλεκτὸν
691 2284 865 2365 στέφανον
886 2281 921 2366 ἐξ
943 2274 1119 2368 ἀκηράτου
1495 2295 1511 2347 2

422 2385 588 2464 λειμῶνος

109 2535 147 2592 20
168 2507 406 2599 κοσμήσαντας
428 2514 517 2583 οἴκοι
537 2517 732 2601 περιφέρειν
754 2507 795 2583 ού
817 2508 1027 2601 σωφρόνων·
1049 2507 1090 2582 ού
1110 2510 1173 2601 γὰρ
1189 2505 1351 2600 ἁρμόδιον
1366 2507 1478 2600 ῥόδων

165 2606 307 2695 κόλαξιν
335 2605 358 2698 ἢ
388 2614 451 2692 ἄνις
481 2606 503 2700 ἢ
532 2619 662 2700 κρίνοις
693 2606 715 2699 ἢ
744 2610 862 2693 ἄλλοις
891 2616 957 2681 τισὶ
994 2608 1166 2693 τοιούτοις
1202 2607 1323 2682 ἄνθεσι
1357 2618 1479 2700 χαίτην

165 2707 375 2796 πυκᾶζεσθαι
405 2707 638 2800 κωμαστικήν,
670 2716 952 2800 διανθιζσμένσυς
985 2709 1050 2800 τὴν
1078 2706 1194 2797 χλόην.
1247 2707 1387 2798 έμψύχει
1417 2711 1479 2799 γὰρ

166 2817 290 2899 χαίτην
311 2807 426 2892 ἄλλως
449 2805 469 2883 ό
492 2817 660 2898 στέφανος
682 2818 914 2899 περικείμενος
935 2817 992 2880 καὶ
1013 2805 1055 2879 δι’
1077 2805 1249 2897 ύγρότητᾶ
1271 2815 1330 2895 [τε]
1353 2816 1409 2880 καὶ
1424 2810 1479 2880 διὰ

167 2905 375 2998 ψυχρότητα.
419 2908 527 2997 ταύτη
557 2919 613 2981 καὶ
645 2911 677 2982 οἱ
703 2916 815 2999 ίατρσὶ
841 2909 974 2999 ψυχρόν
997 2910 1082 2980 είναι
1104 2914 1392 2995 φυσιολογοῦντες
1414 2907 1511 2988 τόν3

114 3033 148 3088 25
167 3013 357 3096 ἐγκέφαλον
383 3007 478 3100 μύρῳ
503 3018 655 3099 χρίεσθαι
685 3005 814 3098 ἀξιοῦσι
844 3009 887 3080 τὰ
918 3004 1030 3097 στήθη
1059 3014 1115 3078 καὶ
1144 3013 1315 3096 μυκτῆρας
1345 3007 1477 3096 ἄκρους,

169 3104 218 3190 ῶς
239 3112 430 3197 δυνηθῆναι
453 3109 517 3199 τὴν
538 3110 679 3200 πυρῶδη
702 3107 929 3199 ἀναθυμίασιν
944 3103 1050 3196 ἡσυχῇ
1066 3104 1283 3178 διοδεύουσαν
1299 3102 1479 3195 εύρῶστως

170 3203 386 3280 ἀναθάλπειν
407 3207 472 3298 τὴν
493 3207 701 3300 ψυχρότητα.
737 3215 870 3282 πολλοῦ
891 3215 1010 3280 τοίνυν
1032 3212 1083 3277 δεῖ
1102 3224 1175 3289 τοῖς
1197 3205 1340 3278 ἄνθεσιν
1362 3206 1479 3294 ἐπιψύ-

256 3379 301 3436 21
315 3379 371 3449 vgl.
389 3377 471 3434 Plato
488 3377 594 3435 Menex.
612 3399 638 3452 p.
656 3381 743 3438 238A
770 3376 878 3450 (ἐλαίου
904 3375 1022 3448 γένεσιν,
1049 3375 1149 3432 πόνων
1166 3374 1290 3448 ἀρωγήν,
1317 3375 1404 3445 ἀνῆκε
1420 3387 1481 3444 τοῖς

169 3459 308 3532 ἐκγόνοις)
326 3494 359 3503 -
377 3464 472 3518 8-10
490 3464 546 3535 vgl.
564 3464 663 3520 Athen.
683 3465 734 3519 XV
752 3483 777 3536 p.
790 3465 841 3520 692
853 3463 897 3519 Bc
916 3457 1039 3532 ζητεῖθ’
1056 3457 1072 3514 δ
1091 3459 1344 3530 πολυμαθέστατος
1361 3456 1480 3535 Ἀριστο-

168 3545 251 3617 τέλης
267 3543 298 3602 έν
315 3555 377 3612 τοῖς
394 3555 523 3616 φυσικοῖς
541 3551 733 3621 προβλήμασι·
764 3545 824 3604 »διὰ
842 3549 870 3604 τί
888 3543 917 3603 σί
934 3544 1119 3618 μυριζόμενοι
1137 3543 1321 3620 πολιώτεροι;
1348 3544 1430 3616 ἣδτι
1447 3547 1479 3604 τό

168 3629 263 3703 μύρον
287 3629 334 3687 διὰ
351 3629 387 3687 τὰ
405 3628 547 3702 ἀρώματα
565 3633 735 3704 ξηραντικὸν
753 3629 821 3700 ἐστι,
849 3630 892 3687 διδ
910 3631 960 3686 καί
978 3628 1122 3701 αὐχμηροί
1140 3628 1169 3685 οὶ
1185 3631 1382 3704 μυριζόμενοι·
1417 3629 1481 3689 δδέ

170 3713 280 3784 αὐχμὸς
305 3719 497 3783 πολιωτέρους
521 3724 606 3773 ποιεῖ.
642 3712 698 3774 εἴτε
716 3714 771 3790 γὰρ
791 3712 907 3782 αίίανσις
930 3715 1027 3789 τριχὸς
1044 3715 1060 3784 ἡ
1080 3713 1166 3771 πολιὰ
1185 3708 1236 3772 εἴτ’
1253 3711 1344 3773 ἔνδεια
1361 3721 1480 3792 θερμοῦ,

170 3797 187 3866 η
206 3798 326 3868 ξηρότης
342 3801 483 3872 μαραίνει.
519 3800 561 3856 διὸ
580 3799 682 3858 καὶτὰ
700 3803 779 3857 πιλία
798 3804 907 3858 θᾶττον
928 3808 1009 3857 ποιεῖ
1023 3797 1152 3866 πολιούς·
1171 3795 1314 3856 ἐκπίνεται
1332 3799 1388 3876 γὰρ
1406 3801 1423 3872 ἡ
1443 3801 1480 3858 οἰ-

169 3883 234 3938 κεία
259 3889 309 3951 τῆς
334 3883 432 3955 τριχδς
449 3878 591 3958 ύγρδτηςπ
628 3886 753 3956 (Aristot.
769 3885 813 3941 Fr.
832 3887 883 3940 235
901 3885 993 3954 Rose³)
1020 3915 1054 3924 -—
1082 3882 1480 3958 14vgl.TGFAdesp.108;

172 3967 240 4022 CAF
255 3967 295 4022 111
312 3985 338 4038 ρ.
356 3970 406 4025 617
425 3968 525 4039 Αδεερ.
545 3972 612 4030 1258
629 4000 662 4011 -
681 3971 741 4027 181
756 3969 850 4042 Eurip.
870 3969 979 4041 Hippol.
999 3972 1051 4025 73f
1073 4000 1106 4009 -
1134 3969 1249 4026 20-22
1273 3969 1328 4040 ναί.
1348 3971 1479 4027 Κταίείααε

256 4203 274 4259 1
290 4221 340 4260 vor
351 4206 460 4262 θᾶττον
472 4204 530 4260 drei
543 4207 654 4262 Buehst.
666 4206 772 4262 εαετιιδ.
785 4207 807 4260 P
822 4208 827 4273 Ι
845 4207 858 4260 ί
881 4201 973 4265 ένδεια
986 4207 1065 4260 poorr
1085 4201 1160 4260 ένδια
1177 4204 1216 4256 Ρ*
1230 4204 1270 4271 Ιθ
1289 4195 1339 4260 οὖν
1357 4205 1388 4260 st
1405 4200 1442 4262 ἄν
1459 4206 1482 4261 Ρ

172 4283 208 4344 ἄν
235 4281 313 4356 (οὖν)
331 4287 379 4342 Wi
405 4283 461 4358 [ἄν]
482 4289 592 4346 Μδατελ
614 4294 619 4355 Ι
642 4287 779 4362 ἀγαπῷεν
804 4285 867 4358 (ἄν)
886 4291 996 4346 Μῖλυτελ
1022 4287 1178 4360 ἀγαπῶμεν
1197 4287 1219 4340 Ρ
1245 4283 1401 4361 ἀγαπῶμεν
1419 4291 1456 4361 Sy
1477 4293 1482 4360 Ι

174 4373 213 4428 14
230 4365 338 4444 ἄπερρε
356 4372 399 4426 M²
415 4370 538 4446 ἀπέρρεε
557 4374 640 4429 Ρ*1ί*
658 4371 753 4443 ἀπαρε
771 4375 807 4428 1²³
824 4369 929 4449 ἄπαιρε
947 4376 982 4430 Di
1004 4377 1010 4444 Ι
1034 4375 1075 4431 20
1097 4372 1257 4442 σωφρόνων
1275 4373 1311 4428 P³
1329 4375 1482 4446 σοφρδνων

173 4455 286 4527 Ρ*122
305 4454 426 4528 έμψύχει
443 4459 464 4512 F
482 4455 598 4530 ένψύχει
616 4462 693 4528 (corr.
712 4477 761 4516 οαε
779 4457 812 4516 ἐν
829 4458 924 4531 ψύχει)
944 4461 966 4513 Ρ
985 4456 1116 4530 έπιψύχει
1134 4458 1175 4512 als
1189 4457 1322 4514 Varianae
1339 4477 1385 4516 am
1402 4460 1482 4518 Rand

173 4540 208 4593 Ρ2
233 4539 302 4610 (hier
315 4541 386 4611 jetzt
403 4543 520 4612 austad.)
538 4545 567 4599 M
583 4547 587 4613 Ι
603 4545 643 4600 28
661 4545 710 4616 [τε]
729 4544 764 4598 Di
